2556 3812
584 109 786 174 -lre-

195 267 308 338 synam
321 243 462 338 postulet
479 257 513 312 ul
526 245 632 312 stetim
645 245 842 324 celebretur,
866 245 893 314 si
910 252 1057 334 cxpeolel
1074 267 1185 336 popu·

196 356 247 424 lus
263 354 442 442 protulique
464 373 601 440 persone
630 353 756 438 gravis,
775 353 802 418 si
820 352 969 442 superior
997 353 1181 440 praecipiot,

195 475 324 549 tempus
350 457 537 528 celebrandi
570 467 732 535 transeut,
765 457 815 523 vol
839 458 936 526 inslel
963 458 1183 528 commoditas

194 567 307 646 studii,
326 565 461 643 itineris,
479 578 511 634 el
523 564 653 631 similia.
670 593 683 623 ι
703 563 738 631 S.
753 565 826 654 Lip.
843 587 879 631 n.
893 565 972 634 547.

143 681 145 688 ’
226 675 286 740 111.
298 669 894 740 Proliibeturmissomcelebrruemrle
905 681 1184 760 euroromelpost

197 779 383 849 meridiem.
396 777 498 846 decbr.
516 778 564 844 lit.
589 777 620 842 l.
641 779 699 844 Per
720 798 872 844 surorum
890 777 1080 864 intelligitur
1095 788 1182 846 lem-

194 908 256 975 pus
281 887 362 954 illud
386 885 531 952 medium
557 885 641 952 inler
666 897 793 950 noctem
820 897 853 950 ct
879 893 987 955 orium
1014 885 1106 952 solis.
1127 923 1179 964 *-

194 995 336 1082 Tempus
352 1007 461 1062 ouium
490 1011 617 1058 eurorue
644 1003 676 1058 cl
704 990 852 1058 meridiei
877 1013 942 1058 non
967 991 1099 1080 physice
1118 995 1180 1060 sed

187 1101 360 1170 moraliter
374 1099 600 1186 accipiendum
626 1111 686 1165 cst.
708 1097 799 1168 Unde
814 1118 990 1170 commune
1012 1112 1060 1166 esi
1076 1098 1181 1168 licere

194 1207 327 1276 arissam
343 1204 517 1272 terminare
533 1204 616 1270 circe
636 1224 786 1270 aurorem
805 1211 836 1278 ol
857 1204 948 1280 illam
965 1203 1109 1292 incipere
1125 1227 1182 1294 pe·

194 1317 267 1382 rum
294 1323 368 1380 onte
396 1309 579 1376 meridiem.
604 1311 675 1376 Imo
700 1308 849 1378 Clemens
874 1311 932 1378 Xll
958 1331 995 1378 uc
1017 1311 1180 1378 Benedic-

193 1432 246 1484 tus
263 1417 338 1484 Xlll
353 1417 559 1518 declerdrunr
576 1418 607 1481 in
622 1415 688 1484 hoc
709 1417 842 1486 lolemri-
854 1437 950 1505 posse
972 1418 1179 1486 latitudinem

193 1525 295 1594 terliae
318 1525 415 1614 perlis
428 1525 518 1590 lrorae
536 1538 604 1589 lum
622 1536 696 1591 urile
713 1547 877 1606 surorum,
898 1538 967 1592 lum
983 1538 1055 1613 posl
1073 1527 1178 1592 meri-

193 1631 281 1700 diem
298 1631 510 1715 (ll-doxis
527 1631 733 1711 sententium,
753 1651 851 1720 quem
865 1632 898 1700 S.
922 1632 1005 1718 mg,
1030 1653 1065 1698 ιι.
1087 1630 1170 1711 546,

194 1739 291 1808 erodit
318 1752 353 1806 ut
372 1737 630 1806 communiorem
659 1751 692 1804 et
710 1737 978 1825 probabiliorem,
1005 1739 1178 1808 celebrans

193 1865 261 1912 non
275 1855 386 1935 peccel
401 1843 551 1928 graviter,
562 1840 632 1908 nisi
649 1840 779 1928 incipiet
802 1842 927 1930 absquo
955 1842 1080 1910 rosione
1097 1842 1173 1910 mis·

191 1971 261 2020 sem
271 1951 394 2037 integre
407 1949 486 2018 liure
499 1960 733 2016 enlenuroram
745 1956 802 2016 aul
812 1949 1126 2036 postmeridicme·
1136 1949 1179 2018 Ut

191 2057 702 2128 enusaesufficienlerexeusemes
711 2054 886 2127 habentur:
899 2057 931 2123 l.
943 2056 1178 2124 neocssilesee·

190 2149 384 2231 lebrandisd
392 2162 605 2250 praebendum
616 2162 766 2228 virricum
778 2163 988 2241 moribundm
1001 2183 1067 2250 quo
1081 2182 1174 2242 casu,

187 2261 277 2358 juxto
295 2267 417 2356 plures,
444 2275 516 2354 post
544 2268 685 2334 medium
708 2269 843 2354 quidem
861 2281 990 2336 noctem
1006 2267 1177 2336 celebrere

192 2375 303 2441 liceret
316 2397 325 2452 ;
339 2375 373 2439 ᾖ.
384 2389 488 2440 'oense
506 2374 641 2454 itineris,
654 2359 793 2462 publices
810 2375 1064 2463 supplicationis,
1084 2375 1176 2441 fune·

192 2481 236 2550 ris
252 2479 389 2569 alicujus
410 2482 579 2573 magnalis,
599 2481 777 2560 concionis,
800 2481 981 2548 collationis
1007 2481 1176 2560 ordinum,

192 2601 353 2676 etc.,quae
370 2599 505 2676 possum
522 2606 675 2652 excusare
692 2587 733 2651 nd
751 2583 985 2656 celebrandum
1008 2589 1072 2650 crud
1094 2585 1175 2652 hore

188 2708 263 2774 onie
283 2715 434 2761 aurorem
448 2707 505 2760 out
518 2706 592 2780 post
608 2692 776 2760 meridiem
789 2715 797 2772 ;
812 2693 849 2758 3.
869 2691 1067 2780 dispensacio
1086 2692 1172 2780 epis·
1269 2699 1270 2706 ’

192 2801 278 2889 oopi,
296 2801 352 2888 qni
364 2821 506 2888 procoso
525 2798 710 2886 porliculeri
728 2819 765 2864 ex
782 2799 892 2886 ulique
913 2804 1013 2864 onusd
1036 2798 1175 2864 rollone·
1268 2801 1269 2808 ’

190 2905 246 2974 bili
264 2908 448 2994 permittere
465 2915 568 2993 polest
581 2918 616 2970 ul
640 2927 768 2972 sacrum
792 2911 855 2972 und
878 2907 957 2971 hond
980 2905 1176 2991 anticipetur

191 3013 240 3077 vel
261 3033 365 3098 usque
387 3013 524 3091 adduas
548 3013 644 3095 horus
658 3012 888 3101 prolrnlrelur3
911 3013 944 3079 l.
968 3010 1174 3099 priuilegium

189 3131 262 3240 post
272 3117 370 3182 Cone.
381 3118 470 3222 Trid.
486 3139 676 3185 concessum
691 3120 747 3200 (d).

223 3309 329 3372 (llvld
350 3313 376 3361 8.
402 3315 458 3378 Lig.
482 3329 508 3366 n.
526 3315 595 3376 5l13
611 3316 707 3368 Bened.
722 3315 784 3376 llll,
798 3319 918 3406 institut.
936 3320 977 3382 ld,
992 3331 1019 3369 ιι.
1034 3321 1133 3382 dell,
1149 3327 1176 3371 et

189 3387 309 3438 institut.
325 3391 368 3448 54,
381 3405 409 3440 ιι.
423 3395 451 3443 (l.
549 3405 553 3414 ’

22 3491 72 3688 b
97 3445 102 3454 ’
223 3463 426 3524 l2luoriisvid.
441 3475 468 3524 S.
483 3475 539 3540 Lig.
561 3493 604 3527 nn
620 3481 680 3544 543,
695 3481 755 3544 ull,
771 3481 840 3544 5¹³3
856 3481 912 3534 llll.
924 3485 1043 3546 Gonssot,
1060 3492 1124 3535 lom.
1147 3485 1173 3543 ll,
1261 3389 1263 3520 d
