2572 3802
544 67 746 136 -etu-

153 213 208 294 tis,
234 210 393 300 poerritens
424 209 480 297 qai
507 229 572 276 non
604 208 747 275 desernit
778 204 982 272 occasionem
1012 207 1133 293 peccati

154 317 300 388 mortalis
320 316 512 406 proximam,
539 311 753 382 voluntariam
781 325 811 378 et
837 311 1039 391 continuam,
1061 311 1134 380 licet

152 425 317 513 promittat
341 445 376 490 se
401 443 472 490 eam
495 422 735 510 quamprimum
762 439 832 485 csse
860 417 1064 485 relictarum.
1083 419 1132 486 Si·

150 531 298 620 quidem,
328 530 401 596 edm
427 529 630 594 occasionem
661 547 724 592 non
758 523 950 601 deseruerit,
981 533 1131 611 suspecta

152 652 226 706 sunt
248 637 350 722 ipsias
367 635 515 702 contritio
540 648 572 701 et
588 633 807 722 propositam3
826 653 885 697 nec
904 632 1042 718 proinde
1054 654 1133 698 can·

151 741 303 810 fossarius
327 747 431 829 potest
458 741 635 830 prudenter
657 737 808 825 judicare.
836 737 877 803 de
901 737 970 826 ejus
993 737 1132 826 disposi-

55 918 59 930 ,
153 850 310 917 tionibus.

196 955 342 1022 Dicimus
354 954 388 1019 l⁰
404 955 605 1020 occasionem
625 951 833 1028 acacianam
851 971 925 1014 nam
941 951 976 1016 S.
996 949 1131 1016 Carolus

152 1063 357 1130 Borruaraeas
370 1063 464 1128 docet
480 1060 713 1126 confessarium
734 1079 830 1146 posse
841 1057 952 1135 semel,
978 1057 1040 1135 bis,
1065 1059 1131 1122 imo

152 1179 200 1234 ter
209 1168 376 1236 absolvere
401 1168 622 1255 paenitentem,
645 1165 671 1230 si
698 1165 860 1253 promittat
883 1185 918 1230 se
940 1163 1129 1230 relicturum

151 1275 354 1340 occasionem
369 1294 432 1338 non
450 1274 636 1338 continuam
654 1273 688 1336 r'n
700 1293 768 1336 essu
780 1274 838 1352 (l).

196 1378 341 1444 Dicimus
358 1378 395 1442 2⁰
412 1378 607 1462 quibasdam
623 1377 751 1442 casibus
764 1377 928 1461 exceptis:
947 1373 1081 1451 scilieet,
1097 1371 1127 1440 Ι.
1205 1390 1209 1399 ·

151 1482 276 1568 quoties
298 1483 456 1569 poeaiteas
473 1483 594 1568 praebet
620 1483 710 1564 signa
733 1481 932 1550 curatririoais
956 1480 1131 1546 extraordi-

150 1588 238 1654 naria
253 1609 261 1664 ;
277 1602 354 1653 tuac
370 1587 585 1654 confessarius
603 1588 779 1676 prudenter
791 1588 938 1676 judicare
960 1599 1064 1674 potest
1089 1587 1129 1652 dc

150 1695 332 1762 sinceritate
349 1695 549 1762 contritionis
566 1709 597 1764 et
615 1696 782 1782 propositi.
801 1697 957 1770 Attamen,
982 1693 1077 1758 ctiam
1097 1692 1129 1758 ia

150 1795 212 1866 boc
228 1821 317 1880 casa,
336 1803 361 1868 si
379 1803 551 1869 commode
573 1801 694 1866 differri
713 1801 811 1886 possit
836 1799 1009 1876 chrotario,
1038 1795 1129 1864 dide·

150 1920 258 1986 ratar;
275 1945 322 1958 --
341 1909 374 1973 b.
397 1909 422 1973 si
447 1909 604 1994 poeniteas
623 1908 662 1972 sit
682 1907 915 1980 moribundus,
945 1915 975 1970 et
998 1913 1128 1990 tempas

151 2028 263 2094 argent
279 2014 384 2101 ipsum
404 2014 592 2079 absolvendi
613 2019 786 2098 antequam
808 2011 946 2098 potuerit
962 2029 1130 2076 removere

150 2121 352 2186 occasionem
386 2121 577 2207 proximam,
605 2119 818 2184 volaratarium
842 2118 1004 2204 etiamque
1025 2118 1129 2183 conti·

150 2243 267 2300 nuam3
282 2263 325 2274 —
342 2225 375 2290 5.
398 2225 424 2290 si
443 2227 613 2311 poeaiteas,
639 2225 761 2290 ratioac
783 2224 984 2308 ignorantie,
1004 2244 1067 2288 aon
1080 2236 1129 2288 at-

151 2329 288 2392 tenderit
319 2329 358 2392 ad
389 2331 568 2414 periculam
601 2331 778 2396 occasionis
812 2329 977 2416 proximae,
1004 2349 1063 2394 nec
1087 2329 1128 2396 ad

148 2431 378 2513 obligationem
408 2433 495 2499 illam
514 2437 712 2502 removendi.
734 2439 766 2502 ln
786 2437 847 2502 bac
863 2457 938 2500 casu
954 2437 1124 2521 poeaitens,

148 2537 192 2602 sit
214 2537 290 2601 Μ).
307 2537 441 2602 Gouaret
455 2550 525 2622 post
544 2542 699 2618 Billaurt,
716 2557 818 2627 potest
833 2548 895 2606 aad
908 2543 976 2606 vice
993 2542 1126 2616 absolvi,

148 2649 320 2728 antequam
347 2645 507 2711 occasioni
536 2647 777 2723 renuntiares-it,
803 2649 900 2712 modi)
928 2647 968 2712 sit
995 2648 1127 2712 aliunde

148 2748 339 2836 dispositas;
359 2789 398 2800 -—
416 2752 449 2817 d.
469 2753 493 2817 si
513 2754 682 2839 paenitens,
703 2754 799 2820 dilata
821 2755 1038 2830 alrsrrlarioae,
1061 2775 1126 2819 non

148 2857 295 2942 possitad
318 2859 549 2926 confessarium
573 2861 691 2936 redire,
707 2862 754 2926 vel
769 2861 896 2924 nonnisi
909 2871 979 2946 post
991 2861 1125 2944 longam

147 2970 295 3046 tempus;
323 2979 377 3029 aut
396 2966 422 3030 si
453 2967 569 3031 lrabeat
589 2987 701 3050 graves
731 2967 870 3032 rationes
887 2967 1126 3033 absolutionem

148 3068 252 3160 statim
279 3071 421 3152 petendi.
443 3071 510 3135 Tali
539 3072 704 3156 paenitenti
730 3072 893 3138 absolutio
916 3072 1051 3138 cormedi
1074 3093 1127 3158 pu·

147 3172 219 3241 test,
245 3169 270 3234 ui
287 3171 419 3238 aliunde
435 3173 651 3246 confessarius
672 3178 849 3267 prudenter
860 3177 1009 3265 judicare
1025 3178 1127 3265 possit

180 3372 214 3436 (ί)
227 3377 283 3428 vid.
298 3385 378 3436 Hom.
394 3401 441 3452 ap.
455 3397 532 3444 tract.
546 3395 628 3447 ultim.
643 3409 669 3448 rr.
684 3400 710 3449 t.
