2556 3812
400 151 428 187 ῃ
537 111 745 180 -Ηό-ι-

187 253 262 334 Not.
270 257 392 322 Prutcr
404 273 441 321 cc
454 257 602 342 qcaejlm
620 243 703 322 dictu
721 265 797 322 suot
809 253 865 322 obi
877 257 917 324 de
926 254 1125 326 Sacrorum

139 357 217 450 ocu.
209 413 233 444 .,
254 365 404 452 quecdcm
428 365 524 432 etium
541 355 676 431 interius
692 364 914 477 diccnuusuut
927 367 1125 484 desubJ'ectc

136 487 220 555 quae
239 469 280 535 ud
297 463 481 534 ministrum
498 466 594 534 simul
607 481 762 556 spectant.
820 512 827 520 2
890 491 893 496 ’

546 647 680 704 Puncrms
692 648 732 704 ΙΙ.
833 719 835 724 s

151 821 154 844 :
168 801 212 842 De
226 795 594 850 mutuomuussucrttotts
609 792 742 847 quatenus
757 799 797 840 est
810 797 936 846 mimator·
948 793 1134 842 namucus.

533 881 734 930 mansuetum.

190 996 413 1083 Obligationes
434 999 609 1072 sacerdotis
626 998 687 1065 sub
719 999 1033 1088 respeuu-materiao
1049 1019 1128 1088 pree·
1163 1051 1165 1056 ,

139 1105 243 1174 sentis
259 1105 516 1173 determinantur
532 1107 699 1194 principiis
714 1107 925 1194 generalibus
934 1104 1006 1193 'jam
1030 1123 1127 1194 expo·

143 1209 216 1278 sitis
231 1211 286 1277 ubi
300 1211 496 1278 chccrom.
510 1214 543 1278 iu
552 1235 626 1299 peu.
642 1214 702 1281 sub
716 1214 807 1283 titulo
824 1213 1127 1298 deobligationihus

136 1319 339 1409 specialibus
356 1321 494 1386 ministri
511 1335 802 1389 sacramentorum.
896 1333 905 1378 f

189 1425 232 1491 Ex
252 1425 303 1491 liis
326 1425 491 1514 principiis
507 1429 885 1514 sequentianenucimus
903 1429 945 1496 de
960 1428 1126 1515 obligatio·
1182 1463 1184 1467 ·
1222 1496 1226 1500 .

137 1531 242 1612 ninus
258 1532 395 1600 mirristri
411 1535 607 1600 retortoccc
620 1534 809 1618 subjectum.

141 1669 143 1673 ·
188 1639 285 1706 Sucro
307 1641 496 1709 communio
528 1641 719 1726 denegando
746 1655 795 1708 cst
824 1641 979 1729 subjectis
1005 1641 1126 1728 quibus

138 1767 210 1828 non
225 1754 328 1834 potest
339 1748 476 1814 concedi
490 1748 644 1814 decenter
659 1761 716 1814 aut
736 1748 864 1836 absque
888 1747 1032 1835 periculo
1047 1749 1126 1827 irre·
1198 1765 1201 1768 ·

138 1853 306 1929 verentiae,
319 1852 474 1930 scandali,
491 1867 568 1934 ete,
588 1853 730 1922 scilicet:

188 1957 384 2045 insontibus,
405 1961 448 2026 ite
465 1981 551 2027 nunc
563 1961 771 2048 praecipiente
789 1957 929 2042 Ecclesia
946 1958 1003 2040 (l),
1022 1957 1126 2025 donec

139 2069 208 2136 sint
220 2068 352 2142 rationis
367 2082 532 2158 compotes
553 2089 589 2136 oo
605 2067 919 2156 sufficienterpurati
944 2057 984 2132 ad
1002 2087 1126 2134 sucrum

140 2173 380 2242 Euclraristiarn
399 2174 862 2265 rito·porcipiendam.—-Ipsis
883 2159 1005 2252 cutem,
1022 2186 1125 2240 morte

139 2280 345 2361 imminente,
369 2284 607 2350 sanctissimum
624 2283 773 2350 viaticum
796 2305 860 2349 non
887 2280 994 2347 solinu
1011 2291 1125 2370 potest,

141 2388 202 2454 sed
220 2389 315 2454 etiom
333 2389 429 2455 debet
446 2391 675 2470 administrari,
699 2391 724 2457 si
739 2389 870 2479 parochi
885 2409 941 2454 eos
958 2407 1127 2478 compere·
1174 2408 1177 2414 ’
1212 2465 1215 2467 ,

138 2495 208 2563 rint
224 2503 345 2562 tantam
363 2505 554 2582 assequutus
567 2496 682 2584 judicii
707 2499 936 2577 maturitatem,
957 2510 992 2562 ut
1014 2497 1124 2563 cibum

136 2601 328 2670 eoelcstom
319 2602 510 2668 acommuui
527 2609 558 2668 et
574 2605 730 2672 materiali
744 2606 939 2672 discernunt.
953 2597 997 2714 ltu
1021 2602 1123 2666 Benc-

138 2707 249 2774 dc‘ctuc
262 2707 355 2774 XIV
353 2729 425 2774 cum
442 2710 603 2776 commum
597 2711 671 2792 ‘.(2)
971 2723 972 2729 ’

174 2945 211 3012 (t)
225 2947 282 2999 vid.
297 2949 393 3000 concil.
409 2949 477 3000 Trid.
497 2961 565 3006 sess,
580 2949 609 3000 21
626 2951 658 2999 dc
677 2951 879 3010 communione,
898 2961 955 3010 cap.
980 2948 1005 2997 t.

175 3039 210 3104 (l)
225 3040 383 3091 Vid.Bened.
395 3041 448 3091 xtv
461 3043 492 3092 dc
507 3041 609 3104 synod.
630 3041 733 3090 dcccco.
750 3039 768 3090 l.
783 3041 836 3098 vn,
852 3053 908 3102 cap.
925 3039 968 3098 123
984 3039 1009 3088 S.
1026 3037 1081 3104 Lig.
1097 3053 1126 3090 n.

139 3123 201 3174 aot.
221 3139 232 3170 r
247 3123 320 3173 llaud
331 3124 421 3174 leviter
435 3123 586 3187 delinquere
600 3121 744 3187 (parochos)
755 3121 893 3183 credimus,
906 3121 1044 3172 aitBonod.
1056 3121 1119 3184 xlv,

140 3219 169 3256 n.
186 3205 211 3267 l,
226 3205 271 3271 rpri
285 3219 380 3276 pueros
394 3207 471 3257 etiam
486 3205 646 3264 duodennos.
662 3213 688 3258 ct
706 3204 861 3270 perspicacis
875 3205 980 3270 ingenii,
996 3205 1083 3255 sinunt
1094 3218 1126 3254 ex

141 3287 192 3338 huc
206 3287 259 3340 citt
272 3289 384 3354 migrare
398 3290 454 3340 sino
468 3289 575 3352 viatico,
596 3290 662 3341 hanc
680 3299 757 3340 unum
771 3289 804 3340 ob
820 3302 933 3350 causam,
949 3289 1007 3352 quta
1022 3287 1125 3338 scilicet

140 3383 271 3436 nunquam
285 3379 371 3434 autea,
389 3373 557 3438 pameliorum
572 3374 643 3425 certe
657 3359 763 3438 luceria,
779 3379 806 3426 et
820 3372 969 3434 oscitantia,
985 3369 1126 3422 Eucharis-

142 3453 223 3508 ticum
241 3468 333 3522 paoem
348 3455 528 3525 degustarunt,
545 3472 572 3497 »-
