2556 3812
592 109 794 184 *160-

209 253 385 346 probalur;
400 253 438 320 2⁰
452 255 541 342 jutta
565 255 663 320 ritum
680 253 871 340 proprium:
891 252 967 318 ltine
983 273 1013 318 v.
1033 271 1067 336 g.
1087 259 1107 317 a
1128 252 1188 320 SS.

209 361 417 430 Pontificibus
433 362 467 428 S.
486 361 541 428 Pio
558 361 625 429 Vel
643 361 818 426 Benedicta
836 361 903 429 Xlll
920 359 1121 447 prohibitum
1141 375 1192 428 est

209 468 442 553 Latinisgraeeo
452 487 555 546 more,
567 476 598 533 et
608 467 727 534 Graecis
739 487 832 532 more
843 465 942 532 latino
953 451 1189 548 celebraretlp

208 575 284 642 bino
308 577 404 642 etiam
428 574 599 640 soeoulares
627 575 707 640 ritus
736 573 873 650 romani,
894 573 950 658 qui
973 571 1192 640 celebrantia

208 683 353 750 ecelesiis
364 681 573 765 regularium,
594 689 760 766 nequeunt
779 679 903 766 absque
923 680 1017 767 culpa
1034 681 1124 763 grati
1136 680 1192 746 ob-

205 809 333 856 servare
344 789 422 854 ritus
432 789 580 877 proprios
594 788 803 872 regularium,
817 807 877 852 neo
890 785 999 852 dicere
1008 786 1190 874 missaspro

208 895 412 982 regularibus
425 895 606 982 specialiter
618 914 786 960 concessas
797 915 805 970 3
818 892 875 958 sed
887 891 1006 958 debent
1017 895 1190 978 (quantiam

208 1001 278 1068 lieri
295 1007 409 1090 potest)
420 1003 468 1067 uti
485 1001 601 1066 llissali
619 1001 711 1066 llom.
727 997 857 1086 etjuxta
875 996 961 1064 illius
976 999 1125 1066 rubricas
1142 1021 1191 1067 oe·

209 1107 337 1174 labrare
349 1107 412 1189 (lm
431 1121 493 1174 ete.

253 1215 293 1280 ll.
313 1215 406 1279 llissa
417 1212 610 1278 celebranda
620 1226 668 1278 est
684 1215 813 1276 exorte:
829 1233 886 1278 seu
909 1211 1102 1298 prohibetur
1127 1213 1188 1278 sub

207 1321 295 1404 gravi
313 1333 367 1384 aut
383 1320 445 1384 sub
461 1319 534 1396 levi,
558 1339 617 1405 pro
636 1318 788 1402 gravitate
815 1319 969 1397 materiae,
989 1317 1113 1404 aliquid
1130 1317 1189 1385 ad·

208 1423 285 1486 dere
304 1421 352 1485 rel
372 1435 498 1486 mutare
514 1421 546 1485 iu
570 1421 620 1486 lais
636 1440 710 1508 quaa
723 1422 857 1488 dicenda
872 1435 927 1486 aut
942 1417 1088 1487 iacienda
1099 1429 1185 1488 sunt.

208 1526 335 1594 Constat
352 1547 390 1592 ex
413 1527 542 1592 decreto
566 1526 688 1592 Coueil.
707 1527 796 1593 Trid.
812 1549 896 1594 sess.
921 1527 978 1606 11,
993 1530 1032 1596 de
1048 1549 1136 1594 tero.
1160 1539 1189 1594 el

206 1635 281 1698 evit.
306 1634 340 1698 io
357 1631 473 1698 celebr.
491 1635 710 1714 tetrameter
728 1633 815 1700 bulla
837 1635 870 1700 S.
896 1635 943 1701 Pii
960 1635 998 1715 v-,
1024 1636 1056 1701 in
1083 1635 1189 1702 fronte

206 1740 341 1808 llissalis
358 1737 450 1807 llortt.
705 1729 707 1736 ’

250 1849 339 1914 Unde
357 1849 392 1912 l⁰
405 1845 496 1934 juxta
514 1868 641 1925 omnm,
661 1847 795 1914 mortale
807 1862 854 1913 est
876 1848 999 1934 aliquid
1017 1849 1138 1914 addere
1154 1850 1189 1915 ia

207 1954 305 2021 missa
327 1953 435 2020 aninlo
459 1955 687 2022 introducendi
713 1973 832 2020 norum
851 1956 960 2022 ritum.
980 1955 1115 2041 Aliquid·
1128 1977 1189 2022 att-

206 2070 270 2127 tem
289 2081 326 2125 ex
344 2061 606 2138 eudetu'missali,
625 2062 681 2126 sed
700 2066 813 2147 pariam
826 2060 979 2139 notabile,
1003 2083 1034 2127 v.
1061 2081 1095 2144 g.
1113 2061 1188 2148 plu-

167 2213 170 2222 .
206 2181 257 2239 res
270 2162 419 2229 collectas
437 2161 724 2252 nunprmseriptas‚
740 2165 789 2230 tel
808 2167 933 2244 Gloria,
955 2167 1071 2246 Credo,
1087 2169 1189 2234 adde·

206 2285 241 2330 re
268 2265 530 2358 solummodum
558 2272 741 2358 importuna
768 2270 952 2352 devotione,
971 2273 1097 2338 veniale
1121 2296 1188 2349 nou

206 2371 350 2450 exaedit3
369 2375 468 2439 modo
485 2388 591 2441 tamen
616 2399 680 2442 uon
699 2375 774 2442 inde
799 2391 954 2462 sequatur
974 2380 1078 2461 gravis
1097 2379 1186 2447 inor·

207 2471 341 2552 dinatio,
357 2476 461 2561 qualis
473 2479 600 2544 adesset
619 2499 649 2544 v.
667 2500 700 2562 g.
719 2480 789 2544 siin
807 2481 903 2546 missa
920 2481 1187 2566 deliaquiemad·

206 2588 337 2655 deretur
358 2588 470 2657 Gloria
484 2607 516 2660 et
534 2593 710 2675 Credat-3).

246 2697 284 2763 2⁰
294 2699 415 2765 llutare
425 2701 547 2787 absque
561 2701 657 2768 eausa
670 2701 800 2766 missam
811 2702 1042 2788 praescriptam,
1054 2704 1187 2788 quando

238 2887 273 2951 (1)
288 2892 396 2942 Constit.
412 2889 449 2941 Pii
464 2891 482 2941 v
495 2893 613 2944 Romani
635 2893 784 2956 Poulipeis,
801 2893 833 2942 13
852 2893 904 2942 ltal.
919 2899 987 2956 sept.
1003 2893 1080 2949 1566.
1095 2900 1123 2944 et
1137 2895 1187 2944 Be-
1246 2951 1247 2962 ἢ

88 3006 91 3016 ,
200 2971 261 3022 net.
274 2973 327 3023 xtv
344 2981 426 3024 const.
441 2976 502 3026 sest
517 2977 676 3036 pastoratu,
690 2982 753 3025 um.
769 2976 823 3034 ta.
844 2972 875 3024 aa
901 2975 993 3026 autu.
1012 2975 1075 3040 (tot.
1091 2976 1110 3033 t,
1128 2991 1184 3040 pag.
1246 2965 1247 2979 ¹

121 3119 124 3124 Ι
203 3049 317 3114 Md.)—
335 3053 394 3103 Vid-
423 3053 473 3102 lus.
488 3055 612 3106 Editoros
640 3055 719 3106 theol.
747 3069 814 3106 mor.
832 3056 860 3105 P.
877 3055 995 3118 Autome,
1024 3057 1055 3106 tle
1078 3057 1185 3108 tritium
1245 3081 1246 3088 .

204 3137 285 3189 aare„
303 3136 330 3179 et
343 3134 464 3192 append.
475 3133 508 3184 ad
524 3139 599 3184 tract.
610 3136 642 3189 de
656 3135 742 3185 Euri.

239 3215 272 3278 (a)
287 3218 430 3280 rupturus
447 3223 474 3273 s.
489 3225 521 3274 a.
532 3225 562 3276 o.
578 3227 637 3280 rte.
654 3226 750 3278 aeneo.
767 3225 828 3288 xiv,
842 3229 964 3282 tmtttut.
979 3228 1023 3290 at,
1039 3241 1066 3278 n.
1089 3227 1136 3288 ao;
1157 3229 1183 3279 s.

206 3290 261 3354 Lig.
276 3306 302 3340 n.
319 3295 368 3344 590
382 3307 389 3356 ;
403 3297 439 3348 De
454 3301 544 3364 Herdt,
568 3318 594 3366 p.
612 3305 636 3362 l,
651 3315 678 3354 a.
695 3305 789 3367 5431).
814 3301 987 3369 Richaudeau,
1005 3319 1047 3370 op.
1066 3305 1113 3357 uit.
1129 3319 1184 3370 cap.
1242 3350 1243 3358 ,

207 3365 248 3424 lb,
265 3373 317 3419 ete.

240 3453 274 3513 15)
289 3458 315 3504 S.
329 3460 383 3522 Lig.
396 3477 422 3512 u.
438 3465 496 3515 111.
