2536 3826
597 162 775 230 ...30-

201 309 262 378 t‘ait
278 307 565 377 instituta-Nec
589 307 903 396 perordinationem
927 306 1181 379 sacerdotalem:

144 429 145 432 ’
198 415 288 504 juxta
310 415 397 482 enirn
420 414 502 482 illud
528 426 679 502 systema,
694 413 761 502 jam
787 411 915 479 nullum
932 427 980 480 est
1005 416 1183 485 discrimen

200 516 375 610 Episcopos
388 521 471 587 inter
487 528 518 586 et
529 519 751 608 presbyteros.
770 521 869 586 Porro
886 533 993 586 tamen
1013 541 1050 588 cx
1066 517 1183 590 Tradi-

200 627 302 704 tione,
314 633 357 691 ut
377 625 516 713 probant
531 638 635 692 textus
653 623 802 713 superius
818 619 903 690 allati
918 625 976 692 ubi
993 621 1038 693 de'
1056 628 1183 696 institu-

202 727 291 798 tione
327 729 496 816 ministerii
512 723 524 813 ,’
555 738 680 799 constat
714 729 919 820 presbyteros
947 731 987 797 ab
1019 730 1183 822 Episcopis

201 835 331 904 diilerre
359 839 483 908 ratione
508 849 716 926 potestatum.
741 835 928 924 specialiter
944 838 979 904 S.
999 837 1182 927 Chrysam„

201 943 280 1010 hom
299 943 336 1009 11
357 943 419 1010 inl
436 943 521 1008 Tim.
536 963 570 1008 n.
588 943 619 1022 1,
633 941 707 1008 etS.
726 943 913 1030 Hieronym.
933 965 985 1032 ep.
1002 945 1058 1024 85,
1075 945 1181 1034 expli·-

201 1044 1183 1138 citcassignautesseatiaicminterEpiscoposetpresbyteros

203 1151 462 1232 distinctionem,
480 1149 514 1216 in
535 1171 574 1218 co
591 1147 760 1218 'fundatam
777 1153 865 1240 quad
891 1154 1038 1242 Episcopi
1060 1151 1185 1242 possint

204 1257 368 1338 ordinare,
385 1256 565 1348 Presbyteri
586 1261 663 1326 vera
677 1280 743 1326 non
766 1259 902 1347 possint.

249 1363 330 1449 atp.
344 1364 503 1450 Propi-
514 1353 657 1434 Pote'sta's‘
671 1363 908 1432 iurisdictionis
930 1367 1048 1454 pendet
1059 1365 1106 1454 „ab
1124 1367 1186 1434 ins-

175 1545 182 1556 ,
203 1465 353 1536 titutione
368 1469 523 1538 canonica
534 1471 642 1558 quo'ad
654 1467 787 1537 ciiectus
804 1484 1033 1558 permanente:

249 1574 568 1658 monteamiato,
586 1577 702 1644 saltem
716 1577 825 1664 quoad
843 1578 1044 1659 exercitium,
1066 1580 1187 1668 pendet

132 1745 135 1752 a
206 1679 248 1747 ab
265 1681 416 1749 Ecclesia.
442 1681 582 1750 Proinde
597 1682 836 1750 iurisdictionis
860 1692 1016 1774 potestate
1042 1687 1188 1770 gaudent

207 1799 321 1868 ornnes
337 1799 368 1853 et
383 1787 443 1855 soli
460 1805 516 1876 qur
507 1787 617 1856 'illam
637 1803 830 1877 acceperant
845 1791 1026 1892 secundum
1046 1790 1187 1858 sormam

208 1891 250 1958 ab
267 1890 407 1959 Ecclesia
427 1890 687 1976 determinatam,
705 1904 736 1962 ct
752 1895 883 1962 aliunde
897 1919 968 1964 eam
985 1883 1050 1964 non
1067 1895 1189 1966 amise-

206 2003 284 2064 runt
299 2007 431 2088 propter
447 2018 559 2068 causas
572 1999 668 2068 etiam
685 2000 726 2068 ab
743 2001 882 2070 Ecclesia
898 2003 1091 2088 designatas.

250 2105 310 2172 Pr.
327 2117 396 2173 ont
413 2108 621 2190 turisdiocio,
639 2108 751 2176 saltem
777 2109 886 2238 quoad
903 2109 1087 2177 exercitium
1105 2130 1190 2251 pen·
1251 2097 1252 2100 ¹

110 2189 111 2192 Ἴ
148 2263 149 2268 ,
207 2212 262 2278 det
278 2213 318 2277 ab
335 2211 490 2279 Ecclesia·

253 2316 539 2385 praemittendum:
559 2319 592 2386 l.
610 2320 893 2403 Juxaaaomanos,
911 2321 1094 2391 iurisdictio
1119 2323 1190 2391 ori-

207 2424 318 2508 ginem
334 2423 433 2492 habet
448 2429 537 2494 mere
555 2424 826 2512 ecclesiasticam,
845 2431 982 2519 proinde
997 2431 1124 2519 'pendet
1147 2433 1191 2500 ab

207 2531 347 2600 Ecclesia
360 2545 392 2600 et
407 2535 516 2621 quoad
539 2536 739 2604 existentiam
755 2527 795 2605 et
810 2533 918 2626 quo'ad
931 2531 1131 2605 exercitium.
1152 2539 1188 2605 E.
1251 2601 1252 2606 ,

208 2635 300 2705 Juxta
316 2639 506 2720 Gallicanos,
521 2642 706 2712 iurisdictio
722 2643 1193 2734 Episcoporumoriturimme·

209 2743 295 2810 dicte
318 2745 502 2828 aCln·i'sto;
528 2751 632 2837 posita
651 2750 855 2818 ordinatione
881 2751 1077 2842 episcopali,
1095 2749 1191 2838 juxta

123 2922 126 2926 .
209 2849 976 2946 quosdam3positdinstitutionecanonicdpch'.
987 2857 1193 2936 Pontificem,

197 2952 298 3042 juxta
326 2954 418 3048 alios.
444 2960 538 3026 Juxta
568 2983 680 3028 omnes
702 2965 822 3051 pendet
846 2964 886 3030 ab
912 2965 1054 3032 Ecclesia
1078 2967 1193 3050 quoad

209 3061 410 3130 exercitium.
423 3055 560 3132 alneu
570 3066 780 3150 lanscnistas,
797 3069 985 3137 iurisdictio
996 3070 1196 3158 episcopalis

209 3166 311 3232 oritur
331 3169 554 3238 immediatae
578 3172 716 3252 Christo,
746 3175 847 3260 posita
869 3175 1085 3242 ordinatione.
1113 3169 1196 3264 Ejus

190 3289 193 3296 ·
209 3273 395 3342 exercitium
403 3276 535 3344 minime
546 3279 714 3364 pendetab
723 3279 978 3368 Ecclesiaqaoad
991 3280 1197 3350 validitatem

190 3391 192 3400 ¹
211 3385 353 3440 actuum.
372 3381 498 3446 Pendet
508 3387 632 3447 tantirm
655 3385 762 3469 quaid
776 3386 946 3466 licitatem3
961 3389 1038 3468 imo,
1054 3391 1197 3477 prorsuis

212 3479 434 3664 ippdependens
451 3495 510 3568 est,
529 3491 660 3576 quando
685 3495 802 3562 adsunt
818 3497 958 3566 rationes
977 3497 1195 3568 sufficientes.
1251 3475 1252 3494 ³

247 3604 287 3649 uo
304 3605 421 3672 posito,
542 3648 543 3652 ,
