2556 3812
581 121 784 194 -Ηί-

186 287 251 358 que
285 267 405 356 speeie,
427 261 583 354 quaelibet
608 265 733 354 species
765 281 877 333 verum
911 276 960 332 est
980 286 1170 338 sacramen-

186 387 276 454 tum,
310 393 347 440 ac
378 372 516 462 proinde
545 371 672 439 confert
695 371 844 456 gretiam.
872 372 1056 440 Fatendum
1076 395 1168 456 esre,

184 479 326 548 declarat
342 479 440 547 Cone.
458 477 548 546 Trid.
566 497 647 544 sess.
674 478 728 554 dl,
751 498 823 566 cap.
849 474 883 558 5,
902 481 1000 546 etiam
1028 479 1089 546 rub
1117 485 1169 548 al-

185 588 255 654 tcrcl
284 589 409 654 tuntum
430 587 541 672 {specie
573 595 673 652 totum
695 595 791 670 utque
807 588 969 671 inteprum
992 587 1168 666 Christum,

184 713 359 780 verumque
372 702 611 768 sacromentum
636 693 732 772 cumi,
752 711 790 760 uc
814 695 989 778 propterca
1011 695 1102 779 quod
1124 695 1172 762 od

182 804 326 888 sructttm
342 801 465 878 attinet,
492 801 584 868 atellei
606 801 729 891 pratici,
751 801 937 866 necessarie
955 802 1167 882 adsalutem,
1262 799 1263 812 ¹

186 929 241 974 eor
256 907 462 994 defraudari,
481 907 538 993 qui
556 927 658 972 unum
673 907 923 991 rpeciccurolum
939 909 1115 992 occipiunt.
1133 909 1168 976 2.
1262 941 1263 944 “

187 1015 274 1084 Licet
286 1014 358 1102 plus
379 1014 491 1099 gratioe
507 1021 693 1101 eruntque
705 1013 824 1102 specie,
843 1018 941 1100 quarn
964 1035 1002 1081 ex
1019 1019 1084 1082 una
1099 1023 1170 1082 terr·
1262 1013 1263 1040 ¹

186 1125 255 1190 tium
271 1121 504 1209 perciperetur,
523 1142 587 1186 non
605 1121 680 1190 ideo
693 1133 1036 1208 opusessetutomnes
1052 1134 1173 1190 utrem·

123 1271 126 1277 »
188 1239 430 1314 quesumerent
450 1226 605 1313 speeiem,
629 1230 704 1294 clun
729 1227 761 1292 in
778 1227 963 1314 sumptione
986 1227 1083 1294 unius
1100 1249 1173 1316 spe·
1262 1217 1263 1224 ἵ

185 1331 246 1398 cici
260 1332 357 1420 recipi
375 1340 495 1417 queant
510 1333 621 1416 gratiae
642 1333 682 1400 ad
703 1331 839 1400 salutem
860 1333 1065 1400 necessaria.
1083 1333 1169 1402 illio·
1262 1379 1263 1386 κ

120 1476 127 1492 -
187 1437 265 1524 quin
282 1437 458 1505 dicendum
475 1452 560 1504 esset
581 1439 812 1507 Eucharistiam
832 1439 1077 1506 concedendam
1095 1459 1170 1508 esse

189 1543 350 1632 parvulis3
370 1554 510 1610 attamen
531 1548 606 1613 cunr
627 1549 663 1610 el
690 1545 873 1617 necessario
893 1565 958 1610 nou
988 1546 1170 1631 indigeant,

128 1697 129 1702 κ
189 1649 494 1738 neesineperieulo
519 1651 737 1718 irreverentiae
761 1673 835 1718 eam
860 1650 1009 1739 recipere
1028 1651 1171 1734 ualeant,

188 1757 266 1844 ipsis
283 1759 348 1824 non
362 1759 456 1824 datur
469 1779 576 1845 neque
592 1761 609 1824 a
627 1758 794 1826 catholicis
812 1776 917 1845 neque
934 1758 975 1824 ab
994 1758 1168 1828 lreercticis.

188 1863 223 1931 ὅ.
248 1864 471 1932 Communitcr
493 1879 602 1931 tenent
624 1863 764 1948 theologi
792 1885 857 1930 non
882 1861 1039 1954 majorem
1059 1885 1118 1952 per
1134 1886 1171 1934 ae

188 1972 323 2062 produci
339 1973 475 2058 gratiam
487 1994 546 2062 per
562 1969 898 2040 communionem-sub
917 1975 1055 2057 utraque
1071 1975 1170 2057 quam

188 2076 251 2142 sub
269 2083 334 2142 une
352 2083 475 2144 tantum
497 2078 616 2164 speeie.
636 2075 759 2141 Etenim
776 2075 960 2158 gratianon
976 2074 1171 2161 perducitur

143 2183 145 2188 ’
189 2180 314 2254 ratione
326 2183 521 2271 specierum,
541 2182 597 2260 scd
616 2182 739 2246 ratione
755 2179 801 2246 rei
818 2179 879 2246 sub
901 2179 1073 2266 speciebus
1093 2201 1173 2248 con-

189 2291 297 2363 tentae‚
316 2303 412 2372 porro
422 2285 484 2366 sub
494 2287 638 2372 qualibet
650 2287 757 2374 specie
768 2300 852 2367 totus
863 2287 1047 2355 continetur
1060 2285 1171 2352 Claris-

189 2403 253 2458 tus.
273 2389 337 2456 Nec
353 2390 450 2456 refert
466 2392 555 2480 quod
570 2393 602 2456 in
617 2393 848 2460 communione
858 2393 924 2460 sub
938 2399 1075 2479 utrique
1096 2412 1171 2479 spe·

188 2496 238 2566 eie
255 2495 304 2578 bis
320 2509 467 2565 sumatur
485 2496 647 2576 Christum
663 2515 741 2567 nam·
755 2500 873 2588 duplex
886 2499 1027 2586 sumptio
1040 2517 1172 2587 semper
1262 2541 1263 2580 p

190 2601 358 2669 ordinatur
378 2601 418 2666 ad
443 2609 544 2681 unam
571 2605 693 2668 tantirrn
707 2603 928 2672 relectionem.
949 2602 1095 2668 Dicimus
1108 2622 1174 2688 per·
1262 2665 1263 2670 ,

189 2730 245 2788 ee,·
259 2709 333 2797 quia
347 2707 417 2800 lieri
430 2715 534 2796 potest
544 2716 578 2775 ut
588 2709 711 2777 ratione
724 2709 855 2797 majoris
866 2707 1000 2775 lervoris
1012 2707 1045 2773 in
1059 2727 1174 2795 sump-

189 2815 275 2882 tione
285 2815 452 2896 secundae
472 2815 591 2904 speciei
620 2835 678 2904 per
696 2816 845 2882 accidens
866 2803 1049 2904 conteretur
1066 2811 1175 2900 major

188 2925 288 3008 gratia
306 2923 364 3004 (l).
602 2991 603 3002 p
1050 2987 1051 2990 ,

143 3069 145 3074 ,
204 3027 330 3093 -Preln
355 3030 404 3096 2⁸.
431 3029 553 3096 Concil.
573 3028 663 3096 Trid.
690 3049 770 3095 sess.
797 3027 853 3106 dl,
873 3047 945 3094 can.
972 3027 1011 3092 l:
1041 3024 1173 3112 Siquis

143 3171 146 3179 ·
184 3131 304 3196 dicerit
323 3154 363 3197 ea
382 3135 444 3200 Dei
462 3146 637 3220 praccepta,
662 3137 716 3200 oei
741 3135 927 3200 necessitate
954 3133 1083 3210 salutis,
1103 3151 1172 3197 om·

187 3252 244 3298 uer
274 3245 303 3299 ct
338 3239 483 3322 riupolcc
522 3239 641 3306 Cariati
669 3241 778 3328 fideles
818 3250 989 3324 utrumque
1022 3238 1168 3324 speciem

227 3451 261 3514 (t)
274 3454 330 3505 Vid.
343 3459 486 3514 Bellarmiu.
501 3466 551 3518 loc.
567 3469 616 3522 cit„
626 3483 682 3534 cap,
700 3449 742 3535 a's;
758 3472 872 3533 llilluart,
889 3471 940 3530 loc.
956 3471 1000 3523 elt.
1016 3471 1028 3535 5
1043 3469 1138 3554 mit·
