2572 3802
586 209 631 224 -
655 171 721 238 566
747 209 788 220 -

1136 263 1187 317 ng.

269 317 364 374 dotem
378 318 466 374 teneri
476 318 506 372 iu
520 317 630 373 actione
644 315 772 372 saerisseii
795 329 909 370 serrare
925 329 988 391 qua
1004 331 1078 384 prae-
1141 359 1143 364 ,

269 403 435 472 scribuntur,
451 403 580 460 omittere
598 419 660 473 quae
675 401 902 472 probibenturab
917 399 1047 458 Ecclesia
1066 442 1074 457 .
1135 403 1186 459 tto

200 489 235 544 ln
248 491 342 560 specie
356 495 533 561 exponuntur
547 492 624 559 leges
638 489 835 546 ecclesiastieae

201 577 229 632 1α
244 577 323 634 Circe
337 585 444 648 tempus
458 577 670 634 celebrationis:
686 605 721 620 -
734 576 849 644 seilicet,
860 577 950 648 agitur

237 664 273 719 de
286 665 474 722 celebratione
488 665 564 720 lenti
578 667 607 720 in
615 665 773 734 Parascev.,
783 665 894 720 Sabbal.
906 666 1007 732 sauci,
1024 666 1077 720 ler.

269 749 504 832 aincoelnaont
509 790 975 810 ...........
980 779 981 782 ’
1016 795 1024 810 .
1065 797 1073 812 .
1134 756 1185 812 idi

235 839 272 895 de
290 840 377 908 oblig.
392 841 528 896 recitandi
542 843 640 898 matut
652 839 763 896 etlaud.
778 845 843 896 ante
857 841 981 896 missam.
1023 885 1030 898 .
1070 881 1080 897 .
1116 843 1187 900 ibid.

236 926 272 982 de
286 927 474 982 celebratione
485 934 549 983 ante
563 943 693 982 auroram
708 931 736 982 et
751 931 815 998 post
826 929 983 983 meridiem.
1020 967 1026 980 .
1067 971 1074 984 .
1135 929 1189 984 tta

238 1013 273 1068 tle
288 1013 436 1069 iteratione
444 1017 516 1070 sacri
535 1016 634 1072 eadem
644 1015 704 1081 die;
717 1046 752 1058 -
767 1016 928 1086 specialiter
937 1015 1027 1084 agitur
1041 1017 1078 1071 de

273 1101 381 1156 casibus
396 1103 586 1172 necessitatis,
602 1107 630 1158 ei
644 1102 680 1158 de
695 1103 905 1158 conditionibus
919 1103 955 1157 ad
973 1103 1078 1158 licitam

273 1187 450 1244 iterationem
463 1190 535 1244 sacri
539 1225 980 1247 ..........
981 1191 983 1198 ’
1020 1230 1028 1246 .
1068 1231 1076 1246 .
1135 1191 1188 1248 tta

202 1275 232 1328 2⁰
245 1273 324 1330 Circa
338 1273 486 1330 locam:·—
500 1276 617 1343 scilicet,
632 1277 724 1346 agitur

236 1360 265 1416 1.
280 1360 462 1429 deecclesia,
474 1364 661 1418 -deearunr
672 1365 883 1422 consecratione
897 1369 926 1423 et
939 1365 1079 1440 benedie-

272 1449 359 1516 tione,
377 1479 412 1490 -
425 1465 522 1506 earum
536 1449 700 1520 pollutione,
725 1451 915 1522 execratione,
930 1483 964 1494 -
979 1469 1077 1508 earum

272 1537 499 1594 reconciliatione
502 1576 692 1599 .....
724 1528 728 1535 ’
732 1578 1073 1595 ........
1131 1539 1184 1595 llll

237 1623 459 1680 adcuratonts
473 1625 603 1695 publicis.
637 1662 645 1679 .
685 1643 699 1682 .’
732 1663 978 1682 ......
993 1629 1030 1682 ”.
1067 1667 1076 1681 .
1134 1627 1187 1680 156

238 1711 265 1767 3.
281 1713 459 1769 decretoriis
474 1715 588 1784 privatis
591 1752 1072 1770 ...........
1112 1716 1182 1770 ibid.
1265 1711 1266 1736 ¹

139 1847 141 1852 .
236 1797 263 1873 5.
279 1797 832 1856 decelebnrtioneextralocumsacrorn
836 1839 1070 1856 ......
1129 1800 1183 1856 152

202 1885 232 1940 3⁰
246 1885 324 1942 Circa
337 1889 467 1943 altareet
482 1890 542 1959 ejus
557 1893 702 1944 ornatum:
718 1917 753 1928 -
767 1887 860 1955 agitur
991 1887 993 1893 ’

239 1971 265 2027 1.
280 1975 316 2031 de
329 1976 518 2046 altari-eius
532 1976 753 2036 consecratione,
770 1975 1079 2044 -·,ejnsexeuratione.
1116 1977 1185 2031 ibid.

237 2061 265 2116 2.
280 2061 316 2117 de
334 2063 395 2132 ejus
415 2067 524 2132 ornatu,
536 2093 571 2104 -
586 2063 702 2129 seilicet,
719 2061 754 2116 de
777 2061 910 2116 crucifixo
921 2101 929 2128 ,
940 2063 1076 2130 candelis,

271 2152 379 2220 mappis
399 2187 1075 2206 ...............
1132 2149 1186 2206 lat

203 2235 233 2290 lte
247 2236 324 2292 Circa
341 2245 424 2294 restes
438 2237 547 2294 sacras:
706 2237 709 2244 '
914 2251 916 2258 ‘

237 2324 328 2392 agitur
341 2327 379 2379 de
392 2341 488 2381 aarum
514 2327 711 2382 benedictione
737 2330 766 2381 et
790 2323 977 2382 exeemtione.
1017 2363 1026 2378 .
1066 2363 1075 2378 .
1131 2324 1185 2379 156

239 2410 274 2464 cle
288 2412 389 2478 pileolo
401 2419 428 2467 et
442 2415 521 2468 contai
535 2415 630 2468 nelina
634 2451 1072 2468 ··········
1131 2412 1185 2468 157
1265 2451 1266 2490 ;

202 2500 231 2554 5⁰
245 2499 323 2555 Circa
337 2486 529 2556 inlacrimante
545 2501 671 2554 sacrificii
680 2520 686 2554 ε
698 2531 733 2541 -
748 2501 837 2570 agitur
872 2481 884 2492 Ἰ

127 2630 132 2634 .
240 2584 265 2639 l.
281 2584 316 2638 de
331 2585 425 2652 calice,
436 2613 471 2626 ·-
486 2583 521 2639 de
535 2583 684 2654 corporali,
700 2579 784 2655 palla,
799 2579 1000 2655 purificatorio,
1021 2588 1077 2640 etc.
1114 2585 1182 2640 ibid.

237 2674 263 2729 2.
279 2671 429 2750 demissali
445 2709 1075 2729 ..............
1132 2669 1184 2724 159
1265 2657 1266 2670 ’

200 2761 242 2816 De
256 2762 383 2816 ministro
397 2761 569 2818 inserviente
586 2805 588 2809 .
589 2797 1075 2820 ...........
1113 2758 1180 2812 ibid.

200 2851 229 2903 6ο
243 2851 320 2907 Ciren
332 2851 447 2904 nandum
457 2847 667 2906 celebrationis:
688 2877 720 2888 -
739 2848 867 2903 statuitur
881 2848 994 2901 missam
1008 2861 1074 2900 esse

271 2933 468 2994 celebrandam

236 3023 262 3078 1.
273 3026 354 3093 juxta
367 3027 476 3081 rituma
490 3027 519 3082 S.
535 3025 608 3081 Sede
624 3025 810 3094 approbatum
828 3059 1076 3076 ......
1114 3019 1183 3074 ibid.

231 3111 386 3186 25exacte,
400 3143 434 3154 —
444 3113 513 3166 nibil
526 3113 655 3184 addendo
670 3116 718 3166 aut
731 3111 864 3165 mutando
868 3143 1070 3167 .....
1128 3105 1181 3161 160

232 3195 260 3248 3.
276 3195 508 3263 integra-nihil
519 3199 780 3266 omittendo,-nec
796 3198 908 3251 missam
925 3199 1075 3265 incoeptarn

271 3283 1028 3354 relinquendoimperleclam‚nisiobcausamgravem
1072 3324 1080 3338 .
1139 3280 1191 3336 161

228 3361 260 3412 l.
276 3365 359 3417 modo
374 3369 524 3434 contineo,
537 3397 572 3407 -
586 3371 823 3440 nonnisiprepler
838 3385 948 3425 cansam
963 3385 1081 3438 gravem

266 3459 329 3526 2²11ss
346 3449 588 3526 interrumpendo.
636 3493 1075 3510 ..........
1135 3455 1189 3510 163

227 3519 258 3570 ν5.
274 3523 459 3586 brevi‘ternee
473 3535 556 3590 nlrnis
575 3537 738 3594 festinanter
741 3575 975 3594 ......
1017 3555 1025 3594 ·.
1068 3583 1076 3596 .
1136 3539 1190 3595 161
