2536 3826
597 183 774 252 *hb-

212 337 216 344 '
248 330 432 418 Requiritur
449 340 483 396 ct
499 327 713 394 ministerium
736 325 795 390 sit:
909 341 913 350 ·

466 508 511 598 ll⁰
527 507 620 566 Unam
629 504 723 578 qoodd
737 503 913 574 Doctrincnt,

247 649 324 720 hliis
341 649 466 717 verbis:
482 648 565 715 circa
580 647 729 713 veritates
742 665 819 732 quac
831 645 873 712 de
894 643 959 712 fide
970 641 1102 712 inerunt
1124 646 1193 713 dc«

149 785 152 791 ·
202 756 314 835 finitae,
332 756 477 823 doctrina
499 751 667 822 ministerii
685 752 718 818 in
735 751 877 838 quodam
890 760 1035 840 tempore
1052 752 1190 818 non-de·

201 861 257 928 het
278 860 499 928 contradicere
526 859 680 925 doctrina
696 857 955 944 praecedentium·
975 869 1185 944 temporum

201 965 533 1052 doctrinacujusdam
544 963 643 1052 partis
654 962 823 1030 ministerii
838 983 904 1038 non
914 962 1054 1030 debetin
1067 963 1189 1030 cadem

203 1071 329 1159 epocha
344 1069 565 1136 contradicere
583 1067 738 1134 doctrinae
758 1066 891 1155 majoris
906 1069 1024 1156 partis3
1042 1067 1119 1155 quin
1137 1068 1186 1134 is*-

201 1177 259 1240 tnd
276 1173 491 1240 ministerium
509 1194 547 1240 eo
574 1173 643 1262 ipso
671 1173 796 1240 desinat
818 1174 980 1261 pertinere
999 1173 1042 1240 ad
1066 1193 1197 1240 rerum.

202 1279 318 1346 Christi
335 1278 562 1346 ministerium.

244 1377 345 1450 Prot.
373 1405 447 1472 oro.
465 1389 611 1472 carcerat.
629 1385 767 1460 Ecclesia
791 1383 907 1451 Christi
929 1398 978 1451 est
991 1402 1053 1450 nna
1073 1384 1192 1470 quohtl

201 1489 403 1570 doctrinam
436 1492 572 1580 proinde
598 1510 711 1556 rerum
733 1490 946 1555 ministerium
970 1490 1189 1556 essentialiter

200 1615 303 1662 unum
316 1597 486 1682 -astqnoad
503 1597 695 1673 doctrinam,
714 1597 788 1659 crim
815 1592 984 1658 ministerii
1001 1593 1191 1660 doctrinam

201 1701 339 1768 Ecclesia
359 1701 472 1766 andire
489 1713 520 1766 et
536 1700 629 1786 sequi
644 1709 803 1788 teneatur.

245 1806 345 1872 Proh.
361 1825 424 1890 per
440 1814 532 1889 part.
553 1805 588 1868 l⁰
614 1801 767 1868 Doctrina
790 1800 959 1868 ministerii
975 1803 1007 1868 in
1035 1806 1185 1890 quodam

202 1923 349 1996 tempore
372 1929 437 1974 non
455 1919 559 1997 potest
582 1907 803 1974 contradicere
828 1908 1184 1997 doctrinaepraeceden-

200 2017 282 2084 tium
298 2029 496 2106 temporum,
514 2017 636 2104 quin...

218 2135 220 2140 “
242 2122 411 2210 Siquidem
421 2140 535 2190 rerunt
553 2121 670 2190 Christi
683 2119 899 2188 ministerium
915 2132 964 2186 cst
983 2133 1183 2208 perpetuant

199 2241 231 2294 et
255 2233 411 2315 perpetua
426 2229 546 2310 gaudet
569 2226 807 2294 infallibilitate.
825 2226 939 2304 Porro,
961 2224 988 2290 si
1009 2223 1181 2292 ministerii

199 2331 343 2394 doctrina
353 2350 418 2394 non
428 2341 513 2394 essct
522 2327 798 2394 eademnmnihna
805 2328 1019 2416 temporibus:
1029 2329 1059 2395 l.
1072 2328 1182 2394 minis

199 2429 316 2498 terium
333 2449 398 2498 non
416 2444 501 2497 esset
517 2439 722 2520 perpetuum,
740 2433 816 2518 qnia
831 2453 944 2498 verurn
961 2433 1180 2500 ministerium

198 2535 357 2621 integram
371 2533 487 2605 Christi
503 2536 691 2623 religionem
704 2532 882 2625 praed'icare
900 2537 1009 2618 debet,
1027 2538 1180 2626 proindd‚

198 2642 226 2708 si
243 2642 458 2710 ministerium
477 2643 617 2710 alienam
640 2643 831 2730 praedicaret
846 2643 1037 2718 doctrinam,
1056 2663 1094 2709 aa
1106 2645 1179 2732 ipso

199 2760 358 2814 nonesset
370 2748 506 2826 Christi3
524 2750 557 2814 h.
572 2769 636 2814 non
655 2749 811 2833 gauderet
830 2756 985 2836 perpetua
1002 2749 1177 2816 infallibili·

199 2863 276 2930 tcta,
301 2851 377 2936 quin
404 2851 570 2919 ednahus
593 2853 748 2920 doctrinis
771 2852 1029 2920 contradictoriis
1045 2874 1110 2922 una
1125 2873 1177 2922 ne·

201 2955 503 3024 cessaridestlalsa.
987 2955 990 2960 ’

242 3060 281 3128 9⁰
298 3047 452 3128 Doctrina
464 3060 634 3149 cujusdam
653 3064 751 3151 partis
765 3063 938 3132 ministerii·
949 3081 1014 3133 nen
1026 3075 1131 3152 potest
1142 3064 1176 3130 in

199 3166 312 3233 eadem
337 3167 462 3255 epocha
488 3169 707 3241 contrtfflcere
730 3170 885 3238 doctrina
909 3169 1044 3258 majoris
1058 3171 1171 3260 partis,

198 3289 319 3354 quin...
437 3285 438 3290 ’

243 3373 389 3459 Alioquin
403 3380 556 3464 praedicta
573 3382 823 3468 paraministerii
838 3384 1015 3472 pertineret
1030 3383 1186 3452 simulet

199 3489 264 3536 non
281 3479 453 3561 pertineret
469 3485 509 3548 ad
521 3493 633 3552 rcrtttn
645 3487 871 3556 ministerium.
887 3491 1075 3572 Parsiana,
1083 3489 1174 3577 juxta
