2562 3810
591 197 637 212 ·-
661 157 728 228 111
753 195 797 210 ·-

566 313 750 399 Ecpliectt'o
761 311 817 394 (1).

250 461 284 532 l·
296 461 452 544 conditio,
470 459 619 527 videlicet
635 457 810 528 necessitas
827 457 1024 530 characteris
1038 462 1190 540 socerdo-

203 573 287 652 tolis,
301 572 390 638 clere
403 577 464 638 est.

246 679 297 758 2⁸,
322 676 476 746 nimirum
502 674 678 742 necessitas
693 672 950 763 approbationis,
972 675 1190 746 confunditur

202 787 235 854 in
265 783 434 874 disciplina
462 782 579 852 actuali
602 801 679 850 curn
704 780 915 850 concessione
934 778 1189 868 jurisdictionis.

201 891 371 981 Siquidem
387 911 454 958 uno
474 901 506 958 et
530 889 647 958 eodem
670 903 743 956 netu
762 887 946 980 ¹EpIscopus
971 889 1134 978 approbet
1158 900 1192 960 et

202 997 258 1066 dot
268 997 542 1086 jurisdictionem.

246 1105 385 1172 Proinde
405 1101 603 1191 explicandae
616 1113 747 1170 monent
763 1099 798 1166 5·
810 1113 843 1168 et
854 1100 904 1180 4⁸,
922 1100 1057 1180 scilicet,
1073 1123 1188 1170 ncces·

201 1211 278 1280 sitas
293 1210 532 1299 jurisdictionis
554 1209 586 1276 in
607 1227 781 1298 personas,
804 1220 837 1276 et
863 1207 1042 1295 aliquando
1063 1208 1098 1274 in
1124 1230 1189 1276 ma-

204 1318 330 1384 terium.

248 1422 422 1512 Utriusque
438 1421 683 1492 determinanda
700 1434 777 1490 sunt
793 1421 828 1488 l⁰
845 1421 1044 1510 subjectum,
1068 1421 1109 1488 2⁰
1123 1443 1187 1496 ,ex-

202 1543 318 1596 tonsio.

444 1671 466 1721 1.
480 1695 514 1709 ·-·
524 1671 561 1723 lle
573 1670 755 1738 jurisdictione
769 1671 796 1722 in
809 1678 943 1736 personas.

245 1789 274 1856 1.
290 1789 339 1856 De
354 1787 515 1874 SudJecto.

246 1897 359 1982 Quccr.
381 1897 460 1980 Quis
477 1895 596 1962 dolcat
615 1895 902 1978 iurisdictionem?

231 1993 389 2071 'pronon
411 2003 541 2094 Triplex
556 2002 766 2087 distinguitur
777 1999 974 2090 jurisdictio,
995 1999 1122 2068 scilicet
1139 2023 1188 2068 or-

198 2111 339 2192 dinario3
358 2109 518 2196 delegata,
532 2110 582 2178 vel
604 2109 644 2177 ab
665 2109 811 2189 homine,
837 2108 888 2176 rol
902 2113 923 2174 a
939 2108 1037 2195 jnre3
1063 2109 1187 2175 subdc-

198 2217 315 2302 lcgate.
343 2219 547 2284 ordinario:
562 2239 599 2284 cn
617 2229 666 2284 est
678 2235 752 2304 qnos
773 2216 869 2282 alicui
884 2215 1040 2303 competit
1056 2215 1183 2282 retione

198 2322 296 2388 odlcii
313 2329 471 2392 annexam
499 2323 649 2390 habentis
676 2342 786 2391 eoram
813 2321 1009 2388 e'nimcrom.
1032 2324 1185 2390 -Delc

194 2437 375 2514 potaequae
390 2447 456 2493 uon
474 2429 623 2516 sequitur
638 2450 676 2497 ex
694 2429 866 2498 collatione
883 2427 981 2496 ollieii
996 2449 1112 2495 secum
1128 2429 1183 2494 im·

198 2534 357 2621 portantis
370 2549 483 2600 curem
500 2535 697 2616 animarum,
715 2537 771 2604 sed
788 2536 895 2603 oritur
915 2557 953 2601 ex
970 2537 1184 2602 concessione

196 2639 343 2727 legitima
367 2641 517 2708 habentis
545 2643 756 2730 ordinariam.
784 2640 956 2710 Concessio
983 2656 1093 2710 notem
1111 2641 1180 2708 lieri

196 2757 312 2838 polest,
331 2750 381 2817 vel
397 2770 455 2838 per
478 2763 586 2818 actum
614 2750 817 2838 personalem
833 2749 1024 2838 superioris.
1045 2761 1077 2816 ct
1109 2762 1184 2816 tunc

92 2939 95 2944 ⁴
197 2857 315 2926 dicitur
331 2856 514 2946 jurisdictio
535 2857 680 2943 delegata
697 2857 739 2923 ub
761 2857 909 2934 lromisw3
927 2855 977 2921 rel
1001 2855 1183 2944 perlegens

139 3077 143 3080 -
230 3045 266 3112 (l)
280 3047 424 3111 sequentes
437 3047 508 3098 cirea
525 3046 731 3110 iurisdictionem
746 3045 940 3110 explicationes,
955 3046 1025 3098 inec
1050 3053 1181 3110 spectate.
1248 3101 1249 3128 p

195 3137 243 3174 seu
256 3125 281 3172 ln
296 3127 420 3187 qrrontirnr
446 3133 577 3189 exponunt
591 3127 739 3176 sanctiones
763 3127 909 3184 canonicas,
925 3125 1012 3188 potins
1026 3127 1182 3178 reducuntur

195 3204 227 3254 nd
243 3210 341 3265 partem
365 3207 577 3268 desciptionem.
598 3207 657 3258 lllos
675 3213 759 3258 temon
775 3209 824 3258 suls
836 3209 910 3258 titulo
929 3209 1051 3272 praescnti
1065 3223 1184 3274 compre·

195 3279 341 3341 hecdicius,
356 3283 414 3332 olim
432 3297 505 3334 mens
532 3291 621 3334 nostro
638 3285 682 3344 sit,
698 3287 746 3336 suls
761 3287 836 3336 titulo
847 3289 939 3350 portis
953 3289 1122 3349 conmotus,
1136 3303 1182 3340 ex-

195 3353 289 3410 plicare
298 3358 423 3420 quidquid
445 3361 477 3410 ad
495 3363 607 3412 valorem
626 3365 781 3414 sacrementi
795 3373 909 3428 spectat,
926 3381 956 3418 ac
973 3365 1122 3431 iurisdictio
1136 3368 1182 3420 de-

195 3427 329 3512 lefutineta
354 3434 426 3494 iuxta
448 3438 520 3500 leges
543 3440 665 3492 Ecclesiae
691 3443 725 3491 sit
751 3444 865 3495 conditio
893 3447 1040 3497 essentialis
1059 3461 1092 3498 ox
1111 3457 1181 3512 porte

194 3503 304 3551 intrusus
317 3505 350 3554 ad
365 3509 472 3565 calidam
485 3513 734 3570 administrationum
752 3525 907 3576 sacramenti
922 3525 1089 3588 punitentia.
