2556 3812
582 69 784 134 *180-

193 219 303 274 rorent
329 207 496 292 repetituri
513 207 569 287 (i).
592 207 689 288 Quod
719 218 906 272 renovatum
934 208 1019 271 estin
1048 205 1174 272 Concil.

193 314 283 380 Trid.
296 333 377 380 sess.
398 311 452 390 tn,
472 334 543 378 cnn.
563 311 601 376 9:
620 311 655 377 st
671 312 742 398 quis
754 312 922 396 scopaverit
940 332 1050 376 omncs
1062 325 1092 376 ct
1110 314 1176 378 sirr-

192 421 285 503 puior
316 419 435 484 Cirrirti
449 419 559 505 fidelos
591 417 756 501 utriusque
783 419 890 492 serris,
906 420 977 480 cnm
1003 419 1051 482 od
1073 439 1178 484 aureos

193 526 397 590 discretionis
415 524 632 608 pervenerint,
652 523 753 588 tenori
778 524 915 608 sinpoiis
943 525 1041 590 annis
1063 527 1176 589 saltem

193 632 405 714 toparcion
432 631 478 696 od
504 631 830 707 communicantium,
854 631 954 711 justo
979 642 1179 715 yrruceptrtm

192 749 312 803 ronrtoe
322 739 436 802 matris
454 737 614 815 Ecclesiu,
629 735 744 801 anatis.
759 735 812 799 eit.

239 841 406 910 Dicimus:
423 843 483 908 nisi
501 844 583 907 ndsit
600 840 840 927 impossibilitas
857 840 986 927 physica
1006 850 1064 906 out
1076 863 1176 908 morn-

193 950 253 1028 iis;
273 951 433 1037 siquidem
452 949 588 1015 Ecclesia
612 945 810 1035 impossibile
832 967 891 1011 nco
904 945 1020 1032 jubet,
1039 971 1101 1015 nce
1123 948 1174 1035 ju-

195 1055 273 1122 bere
290 1063 405 1143 potest.

211 1226 223 1288 5
240 1225 271 1276 ΙΙ.
283 1225 359 1274 -De
373 1225 574 1290 obligationibus
587 1225 698 1289 subjecti
711 1226 888 1290 spectantibus
905 1225 938 1274 nd
952 1225 1160 1276 circumstantias

601 1309 765 1372 receptionis.

240 1439 460 1503 Resumuntur
480 1439 511 1503 in
530 1439 749 1526 propositione
772 1441 940 1526 sequenti:
968 1439 1116 1522 Quilibet
1138 1441 1173 1505 fi-
1250 1451 1251 1458 ’

195 1544 276 1610 dciis
293 1544 518 1610 cucharistiam
540 1545 696 1632 recipiens
708 1549 769 1612 sub
785 1549 872 1632 gravi
884 1556 1012 1612 tenetur
1033 1549 1075 1612 nd
1089 1547 1173 1635 jeju·

194 1651 284 1716 nium
303 1649 459 1728 naturaie,
479 1651 673 1737 quibusdam
693 1653 820 1718 casibus
839 1655 1006 1740 exceptis¹
1027 1655 1171 1742 insuper,

193 1749 903 1844 incommunioneposciroli,tcneturservaro
914 1761 1173 1846 praescriptiones

194 1863 343 1930 Ecclesiae
356 1863 437 1928 circa
452 1863 599 1940 modom,
614 1872 741 1951 tempus
753 1880 784 1929 et
796 1864 902 1930 locum
919 1866 1171 1943 communionis,

194 1971 255 2036 uisi
273 1971 377 2037 adsint
391 1971 529 2036 rationes
543 1971 778 2056 dispensantes.

241 2079 385 2144 oremus
412 2079 440 2144 1.
469 2077 607 2160 nutriter
629 2079 733 2165 puero
760 2079 990 2143 enerrartutam
1013 2033 1173 2164 recipior

195 2191 318 2246 tenetur
330 2185 376 2246 od
380 2185 545 2264 jejunium
561 2186 729 2250 naturaie:

244 2285 374 2350 Constat
398 2297 595 2375 praeceptum
624 2311 660 2354 ex
678 2290 826 2356 Ecclesiae
855 2289 942 2376 praxi
970 2293 987 2355 ὲ
1013 2290 1173 2378 prirnaevis

193 2389 406 2476 temporibus,
427 2411 465 2456 ex
487 2395 586 2459 'variis
613 2394 775 2476 Consiliis,
801 2397 978 2484 praesertim
1005 2417 1042 2462 ex
1070 2397 1169 2466 Cone.

194 2493 439 2572 Constantiensi,
456 2515 536 2562 sess,
557 2497 597 2562 15
609 2493 665 2578 (i).

225 2721 259 2784 (i)
273 2720 332 2781 Quae
346 2727 430 2772 tomen
447 2735 518 2785 poeno
534 2735 585 2772 non
603 2721 742 2772 incurritur
756 2723 806 2774 nisi
820 2721 981 2787 postjudicis
1001 2725 1170 2775 sententiam.

226 2811 260 2875 (Ξ)
277 2809 371 2876 Legem
383 2809 650 2875 jejunitnntesn'crnm
668 2816 871 2866 communionem
887 2817 900 2864 b
915 2815 1076 2878 temporibus
1094 2830 1173 2880 apos-

191 2895 277 2946 tolicis
290 2896 316 2944 in
330 2894 444 2946 Ecclesii
463 2897 574 2961 viguisse
588 2898 712 2959 probatur

227 2979 253 3027 1⁰
269 2977 376 3028 Testim.
396 2979 440 3028 SS.
460 2979 506 3028 PP.
525 3007 559 3014 -
579 2980 727 3030 Tertullinn.
748 2980 793 3029 lib.
809 2979 827 3028 tt
843 2978 875 3029 ad
893 2992 965 3030 uxor.
985 2993 1042 3043 cap.
1061 2981 1091 3030 ii:
1112 2983 1172 3032 Non

192 3058 254 3105 rotet
268 3059 385 3107 moritus
399 3059 463 3118 quid
476 3061 572 3108 secreto
590 3062 652 3112 onte
666 3071 770 3109 omnem
785 3060 874 3108 cibum
890 3063 987 3120 rustes.
1007 3060 1032 3110 S.
1049 3061 1169 3124 cyprian.

192 3145 233 3193 ep.
248 3135 292 3196 65,
307 3149 333 3183 n.
350 3137 400 3185 to:
417 3139 554 3188 cortitum
573 3139 666 3198 offerre
689 3141 828 3203 oportebat
842 3143 914 3192 circo
929 3155 1069 3204 uesperam
1083 3145 1170 3194 diei...

190 3215 244 3262 Nos
257 3219 346 3264 autom
369 3221 589 3271 resurrectionem
603 3222 715 3274 Domini
732 3219 812 3272 moni
830 3224 1045 3280 celebramus.
1061 3225 1171 3290 Gregor.

191 3291 308 3341 Nazianz.
322 3302 388 3344 orat.
404 3298 446 3355 to,
461 3313 488 3348 n.
503 3302 546 3349 50:
562 3303 611 3351 Ille
625 3301 757 3366 (cbristus)
771 3306 915 3355 Patebatis
938 3309 1097 3368 musterium
1115 3310 1172 3358 tiis·
1250 3337 1251 3354 t

192 3371 287 3426 ctpottr
304 3375 334 3420 in
359 3380 494 3430 connectio
518 3385 641 3441 tradidit,
660 3388 684 3434 rt
698 3389 759 3446 post
773 3399 893 3450 concor·
908 3399 958 3438 nos
978 3391 1009 3438 io
1023 3393 1130 3452 ternptir
1148 3394 1171 3448 et
