2538 3810
492 102 708 184 &159⁴

93 243 293 330 pertinentes
317 241 490 337 propositae
505 241 636 324 luerunt
652 253 805 330 tanquam
822 245 944 316 deiide
967 259 1081 336 tenen·¹

93 351 165 428 dae,
194 363 227 414 et
251 356 407 441 tanquam
440 347 481 413 de
507 347 572 414 frde
598 351 745 436 tenendae
771 351 904 418 luerunt
927 362 1076 441 receptae.

94 455 189 538 Ergo,
564 449 566 452 ’
1029 529 1034 540 ,

141 561 253 625 Cornl.
271 560 303 624 1..
319 555 399 643 Ergo
421 558 599 626 Concilium
625 572 655 628 et
673 559 809 626 Ecclesia
826 561 969 650 dispersa
985 564 1080 630 insal-

91 665 176 732 libili
192 665 321 753 judicio
335 653 477 731 statuere
500 680 636 757 possunt
652 667 693 732 de
710 668 920 734 canonieitate
938 677 968 736 ci
984 671 1079 758 inspi-

91 773 220 838 ratione
236 772 394 838 librorum
419 772 451 838 iu
476 772 597 858 quibos
624 773 808 841 continetur
828 773 933 839 diuina
954 778 1077 850 reuela-

1 875 2 878 ’
89 879 211 958 ticli).

143 983 251 1048 Corui.
265 980 310 1048 ll.
326 965 420 1065 Ergo,
435 979 710 1068 quandoEeclesia
723 981 884 1051 delinitdc
895 985 959 1051 iitlc
969 1007 1080 1072 quam·

1 1157 2 1164 χ
93 1091 171 1156 dam
185 1088 369 1164 veritatem,
383 1088 452 1152 haec
469 1088 586 1153 veritas
602 1089 751 1156 habenda
769 1099 817 1156 cst
837 1113 897 1180 pro
917 1093 1073 1173 revelata,

92 1195 234 1284 proinde
250 1195 340 1260 adest
355 1193 508 1277 obligatio
523 1193 599 1260 braic
615 1195 740 1260 veritati
751 1197 791 1262 de
808 1197 873 1264 ode
895 1199 1002 1266 divina
1018 1198 1075 1267 ad·

92 1301 259 1368 lraetuudl.
496 1377 499 1387 k
645 1383 649 1387 y
1048 1360 1052 1366 .

139 1407 237 1474 Nota.
264 1406 348 1472 bicet
363 1403 501 1473 Ecclesia
518 1406 676 1474 deliniens
692 1427 804 1474 errare
816 1423 967 1494 nequeat,
995 1421 1075 1478 atta·

89 1535 170 1580 men
197 1511 372 1578 infallibilis
395 1532 462 1577 non
487 1525 534 1578 est
555 1513 698 1600 quando,
723 1518 895 1600 antequam
911 1513 1074 1601 judicium

90 1621 189 1697 serat,
219 1620 374 1703 disceptat
393 1625 428 1682 et
441 1619 660 1686 ratiocinatur.
684 1620 821 1686 Proinde
845 1641 958 1688 ornnes
983 1622 1076 1692 ratic·

1 1735 2 1740 ’
87 1746 163 1804 nes,
179 1723 416 1811 explicationes
432 1725 549 1810 quaein
567 1725 715 1792 Ecclesiae
728 1726 863 1802 decretis
881 1725 1070 1809 afferuntur,

89 1851 160 1897 non
179 1831 339 1917 pertinent
354 1830 393 1894 ad
411 1829 532 1900 fidem„
702 1907 706 1921 l

141 1937 252 2001 Corol.
267 1937 332 2008 Ill.
348 1937 429 2022 Ergo
447 1935 626 2020 Concilium
643 1949 674 2002 et
690 1939 827 2008 Ecclesia
842 1939 984 2026 dispersa
997 1963 1073 2028 pos·

88 2039 1082 2132 suntinfallibilijudiciocondcrnnareornnesdoctrinasque·

86 2147 351 2216 contradicerent
367 2147 552 2214 veritatibus
569 2148 727 2215 revelatis.
750 2148 872 2216 Etenim
886 2151 916 2214 'si
933 2153 1072 2216 auctori-

86 2263 176 2316 tates
193 2249 502 2340 praedielaepossunt
518 2249 728 2316 infallibiliter
740 2251 875 2317 definire
889 2251 988 2318 talem
1000 2254 1074 2320 doc·

87 2358 210 2423 trinam
237 2377 307 2424 esse
331 2357 521 2434 revelatam,
546 2379 587 2422 eo
608 2359 677 2446 ipso
704 2366 838 2446 possunt
854 2360 1071 2433 condemnare

89 2487 208 2534 omnes
224 2465 555 2554 propositionesque
579 2467 836 2536 contradicerent
858 2469 933 2537 lruic
949 2471 1071 2537 veritati

88 2568 247 2634 delinitis.
530 2555 533 2557 ⁸

133 2675 264 2758 Eaplic.
285 2673 418 2742 Decreta
444 2674 593 2743 Ecclesiae
610 2675 641 2739 in
668 2675 938 2742 condemnatione
952 2696 1070 2763 propo·

85 2781 243 2847 sitionurn
265 2779 444 2846 infallibilia
461 2793 549 2862 sunt,
578 2783 643 2848 sive
660 2783 897 2871 propositiones
913 2783 1070 2850 damnen-

33 2871 37 2880 ⁸
84 2901 142 2959 tur
158 2892 192 2958 in
207 2892 326 2976 specie„
340 2891 407 2957 sive
420 2891 615 2961 damnentur
629 2894 664 2959 ia
678 2894 787 2980 qlolro.

133 2992 368 3060 Condemnatio
395 2994 513 3061 dicitur
535 2997 570 3062 itt
593 2997 710 3081 specie,
734 2996 865 3082 quande
889 2995 1070 3083 speclalitcr

120 3190 157 3258 (l)
171 3191 217 3242 ille
240 3193 344 3258 proprie
381 3189 540 3244 tractantium
566 3193 659 3244 inisset
684 3193 716 3243 de
744 3191 911 3256 inspiratione
934 3191 1070 3243 Librorum

82 3272 224 3335 utriusque
239 3271 407 3333 Testamenti,
421 3286 479 3336 qnae
492 3274 602 3324 maximis
617 3273 740 3336 probatur
757 3270 909 3321 auctoritate
936 3271 1069 3333 Ecclesiae,

82 3358 114 3402 ut
128 3349 212 3402 videri
227 3357 312 3415 potest
331 3352 357 3402 in
372 3353 452 3418 priori
465 3353 592 3406 volumine
615 3353 646 3404 dc
668 3353 743 3402 Loris
764 3349 933 3414 theotonicis,
961 3356 1026 3402 sect.
1039 3351 1066 3418 E,

83 3430 154 3497 disp.
172 3431 197 3496 l,
212 3437 302 3498 qtraest.
320 3433 350 3482 ts
363 3467 369 3495 ,
383 3438 452 3496 part.
468 3431 504 3480 Er.
