2550 3810
533 78 712 144 ..87-

124 235 204 284 ncm
214 215 246 280 i.
264 217 468 305 participatis
483 217 620 286 victimae
636 217 791 307 supponit
806 219 1000 288 sacrificium
1016 224 1110 291 anteit¹

123 333 305 414 peractum.
320 322 357 391 2,
379 321 502 392 Omnes
518 323 661 393 actiones
682 323 840 395 sacrificio
860 327 1046 396 essentiales
1057 349 1111 396 no·

119 429 211 498 mine
228 426 344 496 Christi
373 429 443 496 fieri
468 429 605 510 debent3
633 451 729 520 porro
754 432 908 502 sacerdos
931 435 1105 523 participat

122 535 359 604 Eucharistiam
376 557 450 616 sua,
470 557 534 603 non
550 559 627 604 vero
645 536 764 605 Christi
781 538 927 604 nomine.

172 643 209 708 ὅ·
222 663 260 730 p.
279 642 355 710 Atiae
367 643 510 711 actiones
519 643 695 732 pertinent,
714 645 824 720 necad
843 644 1032 723 essentiam,
1050 667 1110 714 nec

124 750 167 817 ad
178 749 393 834 integritatem
416 749 628 818 sacrifieii—
644 750 713 818 Non
728 751 768 817 ad
785 751 979 819 essentiam:
999 751 1109 840 Siqui·
1151 771 1153 776 ·

123 860 202 928 dcm
225 859 427 928 consecratio
447 858 514 926 suia
537 858 657 926 suffieit
677 859 716 925 ad
735 859 970 947 perficiendum
988 859 1110 935 sacrifi·

123 964 1110 1053 eium,utsupriprobavimus—NonadintegritatemaNam
1209 988 1217 995 ·

124 1072 249 1140 oblatio
260 1085 292 1139 et
309 1071 490 1143 immutatio
506 1073 646 1140 victimae
658 1072 742 1140 iiunt
750 1093 808 1161 per
818 1073 1109 1146 consecrationem.
1127 1105 1135 1112 ·

123 1179 267 1250 Proinde
280 1201 345 1246 oon
359 1181 570 1268 requiruntur
586 1179 627 1246 ad
648 1179 864 1266 integritatem
884 1179 1056 1248 saerideii:
1075 1180 1110 1248 t.
1227 1167 1231 1172 ¹

125 1285 250 1354 ablatio
261 1286 407 1374 eorporis
420 1299 452 1353 et
472 1286 640 1372 sanguinis
662 1285 791 1366 Christi,
808 1300 883 1376 post
895 1286 1111 1354 consecratio·

124 1413 204 1462 nem
216 1413 225 1472 ;
239 1398 258 1461 a
274 1390 400 1458 iortieri
412 1393 446 1458 ⁶2.
465 1389 671 1459 abiatioaote
683 1390 962 1461 consecrationem
978 1390 1033 1458 :in
1056 1391 1109 1468 itta

122 1498 216 1570 enim
232 1497 427 1566 coeremooit
449 1495 630 1569 offeruntur
646 1498 737 1588 panis
755 1510 787 1564 et
807 1497 932 1578 vinum,
953 1518 1016 1566 non
1032 1506 1111 1568 veru

125 1625 247 1693 corpus
264 1603 393 1684 Christi,
412 1604 501 1691 quod
520 1616 569 1670 est
586 1617 693 1687 tamen
710 1625 784 1670 vera
800 1603 926 1672 victima
943 1605 1108 1684 sacrificiu
1158 1633 1161 1640 ⁴

124 1711 163 1780 5.
187 1711 371 1779 neesractio
386 1724 420 1778 et
435 1710 620 1779 commixtio
644 1711 849 1790 sacramenti,
874 1711 1036 1797 siquidem
1051 1712 1111 1778 im-

125 1819 266 1890 mutatio
282 1831 313 1884 et
323 1817 499 1887 immolatio
511 1818 643 1906 mystica
659 1817 796 1885 victimae
813 1817 881 1904 j'am
895 1816 1047 1905 perfecta,
1064 1831 1113 1886 cst

126 1945 189 2018 per
206 1912 504 2004 consecrationem
539 1925 660 1992 inec
687 1921 874 1990 distributio
902 1921 1112 1990 Eucharistiae²

127 2032 283 2106 fidelibus
296 2029 400 2111 saeta;
417 2030 591 2099 eeneiiium
603 2027 796 2107 enim'l'rid.
815 2047 896 2098 sess.
917 2029 973 2108 Ἠ,
986 2048 1060 2096 ean.
1075 2029 1109 2110 8,

129 2119 276 2204 definivit
293 2135 394 2204 licitas
418 2155 489 2202 esse
517 2133 627 2203 Missas
648 2133 680 2198 in
702 2131 824 2221 quibus
848 2131 937 2200 solus
961 2133 1113 2201 sacerdos

127 2244 361 2324 communicat,
379 2263 476 2333 porro
496 2255 603 2309 tameo
621 2241 739 2309 itiicitae
754 2255 873 2324 essem,
886 2242 913 2310 si
930 2241 1112 2317 distributio

130 2349 340 2418 Eucharistiae
356 2349 532 2441 pertineret
546 2349 587 2416 ad
611 2349 839 2436 integritatem.
935 2417 937 2420 .

563 2508 684 2526 m

528 2599 656 2676 CAPUT
667 2609 726 2675 tlt.
821 2619 830 2642 ²

479 2767 528 2808 ΙΙ
541 2765 766 2809 trucum.

178 2883 246 2950 Sub
262 2883 412 2973 praesenti
430 2881 524 2950 tituto
539 2881 784 2950 consideramus
798 2855 834 2947 it
851 2837 1111 2968 productionem,

132 2990 171 3058 2⁰
184 2989 431 3082 applicationem
452 2989 627 3070 effectuum
643 2987 792 3068 sacrificii
807 2981 1024 3090 eucharistici.

501 3118 691 3204 anarcunus
724 3151 748 3203 1.

418 3271 460 3328 De
471 3269 654 3342 productione
669 3269 829 3328 effectuum.

178 3405 327 3492 Quatnor
340 3399 531 3498 quaeramur
544 3430 551 3472 a
566 3402 601 3474 i⁰
616 3411 724 3474 utrum
741 3403 936 3474 sacrificium
951 3401 1115 3472 contraris·
