2562 3810
571 179 616 194 --
640 141 707 210 238
736 179 773 192 -
1247 159 1256 213 :i

221 285 267 356 tt
284 281 352 352 5²¹³.
372 281 520 370 Magister
536 291 638 363 sent„
652 285 692 350 D.
710 281 852 350 Thomas
870 280 977 359 ctofii,
996 279 1164 350 affirman·
1249 257 1256 343 f

180 392 358 464 resfaieum
386 387 417 457 in
438 410 515 458 casu
539 389 738 460 necessitatis
755 406 850 478 posse
865 387 1044 456 sacerdotis
1060 390 1164 458 uicem
1248 321 1256 517 i

179 499 343 590 supplere,
363 519 427 564 nou
445 497 519 563 ideo
542 507 651 563 tenent
667 495 755 564 iaicis
769 503 951 584 competere
969 507 1163 584 potestatem
1255 522 1256 536 ¹

179 601 342 684 clavium,
376 602 627 690 facultatemque
650 601 924 672 sacramentaliter
955 603 1161 670 absolvendi.

181 710 304 796 Omnes
320 711 406 778 enim
427 709 546 777 docent
567 709 629 777 hoc
645 709 754 798 jasad
777 707 864 776 solos
884 705 1071 777 sacerdotes
1092 731 1165 798 per·
1251 541 1256 822 Ι

181 819 296 886 tinere.
315 815 427 886 Tradit
448 815 658 884 solummodo
683 816 831 902 Magister
850 830 934 884 sent.
952 815 1010 882 fib.
1033 815 1070 895 d,
1087 817 1162 883 dist.

185 921 238 1005 tt,
262 933 323 992 art.
348 923 382 1003 3,
412 945 470 1013 per
497 920 735 992 confessionem
763 921 851 989 socio
878 921 1006 1004 factam,
1022 923 1159 992 absente

181 1033 362 1113 sacerdote,
381 1030 588 1100 confitentem
609 1029 679 1098 fieri
705 1031 841 1117 etpntrm
872 1033 968 1097 venie
994 1051 1035 1096 ec
1059 1051 1169 1098 socen
1254 1101 1256 1126 p

180 1139 265 1205 dotis
281 1141 456 1220 desiderio,
475 1140 508 1206 in
531 1143 687 1226 quantiam
709 1135 831 1204 seilicet
852 1137 1014 1225 perhanc
1030 1137 1165 1205 fuimifi·

180 1247 253 1312 tatis
278 1259 385 1314 aetum
405 1258 510 1333 potest
526 1245 644 1312 mereri
671 1243 818 1331 gratiam,
844 1249 908 1332 qud
936 1245 1094 1312 excitetur
1124 1245 1164 1310 ad

182 1350 357 1440 perfectam
381 1351 619 1418 contritionem.
644 1353 686 1418 Ac
710 1348 923 1430 D.·TftomaS‚
949 1352 981 1416 in
1003 1351 1103 1420 solut.
1129 1351 1162 1430 2,

179 1467 239 1526 art.
259 1457 291 1537 5,
306 1457 346 1524 ad
365 1456 385 1522 5
412 1479 421 1521 τ
445 1459 601 1539 Quuuteie
622 1458 685 1535 itte,
704 1459 762 1545 qui
776 1457 861 1524 faico
886 1459 1053 1543 consessus
1069 1469 1118 1526 est
1133 1461 1165 1525 in

182 1563 320 1630 arricuto
341 1563 554 1642 neccessitatis*
567 1576 755 1632 consecutus
772 1567 813 1631 eft
829 1565 957 1632 ueniam
985 1567 1006 1630 ὰ
1026 1567 1111 1647 Deo,
1130 1589 1167 1632 eo

182 1671 484 1758 pttodpropositum
500 1671 674 1759 eettfiteudi
685 1673 860 1738 secuudum
876 1674 1069 1738 inundatum
1090 1674 1164 1752 Dei,
1191 1733 1196 1737 .

182 1779 271 1864 quod
284 1778 441 1864 concepit,
455 1777 662 1862 sicutpotuit,
677 1779 834 1862 implevit,
849 1797 915 1844 non
931 1787 1041 1842 tumen
1057 1779 1168 1844 adduc

179 1883 331 1952 Ecclesioe
347 1885 575 1950 reconciliatus
589 1894 648 1963 eet,
666 1895 703 1950 ut
719 1885 766 1950 oti
780 1895 989 1950 sacramenta
1015 1883 1167 1950 Ecclesiae

178 1989 310 2055 admitti
327 1983 452 2071 defeat,
483 1988 549 2055 uisi
567 1988 662 2072 priuis
685 1989 706 2052 ὰ
726 1989 893 2053 sacerdote
908 1987 1168 2054 aisotvatcrr...:

178 2107 208 2161 ct
225 2097 297 2162 ideo
314 2106 451 2181 oportet,
463 2097 552 2183 quod
562 2095 677 2161 iterum
693 2098 885 2184 confiteatur
904 2095 1168 2174 sacerdodotem

179 2205 309 2288 copiam
332 2200 452 2269 faetere
467 2203 621 2287 potuerit,
648 2213 677 2268 ct
696 2203 861 2288 praecipue*
884 2203 960 2288 quia
979 2211 1014 2266 ut
1034 2202 1166 2270 ,dictum

179 2319 225 2374 est
237 2306 285 2395 (in
303 2328 389 2394 resp.
405 2307 445 2372 ad
462 2307 509 2394 f),
523 2321 764 2376 sacromentum
777 2304 970 2396 pottitcntioe
982 2311 1166 2396 perfeetum

136 2493 137 2498 ἵ
179 2411 333 2497 norrsuit.
1000 2437 1004 2444 ·
1255 2459 1256 2464 1

224 2513 261 2579 ξ’
277 2533 373 2600 port.
407 2511 594 2604 Requiritur
610 2539 740 2610 semper
755 2521 966 2612 approbatio,
992 2540 1052 2589 seu
1073 2519 1165 2609 judi·

138 2645 139 2648 ’
179 2620 266 2688 cium
283 2621 438 2692 ordinarii
455 2623 496 2692 dc
515 2624 690 2695 idoneitate
709 2629 885 2714 sacerdotis
898 2627 938 2696 ad
953 2627 1165 2718 excipiendas

179 2727 412 2799 confessiones.
1011 2793 1014 2798 .

223 2835 283 2904 tu.
301 2836 348 2906 ft.
366 2835 742 2928 Requiriturjurisdietio
754 2839 796 2910 ab
807 2841 966 2938 Episcopo
982 2862 1161 2921 concessa,

178 2943 316 3030 proinde
327 2943 489 3031 judicium
507 2945 654 3035 Episcopi
671 2946 712 3014 de
730 2945 906 3016 idoneitate
923 2947 1073 3016 ministri.
1132 3010 1135 3014 .

222 3049 283 3114 Pr.
307 3051 356 3116 2⁸.
369 3050 493 3120 Concif.
506 3053 597 3120 Trid.
612 3072 693 3120 sess.
707 3053 764 3133 ut,
778 3077 850 3144 esp.
870 3055 975 3134 tace
988 3055 1134 3122 Reform.
1152 3079 1161 3121 t

180 3149 337 3228 Quemvis
348 3154 535 3240 presbyteri
557 3158 592 3222 in
608 3176 669 3222 sua
684 3160 892 3226 ordinatione
908 3163 931 3225 ὰ
945 3161 1090 3246 peccatis
1105 3159 1159 3224 ab·

178 3253 324 3320 solvendi
335 3268 526 3340 potestatem
547 3263 732 3348 accipinut‚·
754 3261 897 3336 decernit
919 3277 1026 3334 tamen
1044 3265 1082 3332 S.
1099 3265 1162 3352 Sp·

178 3354 283 3416 taedae
304 3363 443 3440 eutium,
468 3365 789 3452 etiamrcputcrcm,
813 3392 910 3456 posse
940 3373 1162 3456 confessiones

178 3451 394 3539 secutarum,
418 3467 514 3533 etium
530 3473 748 3555 secerdotum,
766 3476 966 3556 areciretina
982 3477 1078 3543 adid
1088 3477 1161 3544 ido·

24 3719 198 3730 -μ,
263 3726 265 3728 .
