2572 3802
496 171 542 186 -
565 133 630 198 535
653 173 698 184 —-

107 273 233 341 veniale
244 285 335 344 ,extra
349 287 608 352 sacramentum
624 275 772 363 alioquin
783 275 904 343 facilior
919 295 982 344 non
1001 295 1085 348 esset

110 381 258 448 remissio
278 382 397 466 pcccati
415 381 560 456 venialis,
582 386 678 468 qnam
697 384 843 448 remissio
862 386 982 471 pcccati
999 408 1087 454 mor-

112 487 195 564 talis,
212 489 299 572 qnoil
327 497 496 574 repugnat.
521 489 669 554 Secrmrln
695 499 791 575 negat
807 492 862 573 (l).
882 492 964 574 Quia
980 493 1087 560 solum

111 607 279 680 peccatum
308 591 444 668 vonirtlc,
464 593 589 658 secluso
607 595 747 672 mortali,
777 609 824 660 cst
848 597 979 660 matoria
997 596 1087 662 sulli-

111 698 200 763 ciens
217 699 407 761 sacramenti
427 698 639 783 pocuitenticc;
658 719 735 780 orgo
754 702 826 764 vere
838 700 1013 766 alrsolvitnr
1026 703 1086 768 vir·

7 851 10 862 .
106 815 181 870 tute
198 803 347 866 clavium.
369 803 548 868 llocantem
568 825 630 868 non
644 803 746 882 lieret,
762 805 787 868 si
806 806 873 870 sola
890 808 1008 885 attritio
1023 809 1086 874 sul·

112 909 235 976 liceret.
257 907 426 994 Siquidem
444 910 560 978 attritio
585 910 696 974 saltem
720 913 901 976 necessarii)
918 913 1016 977 debet
1032 915 1086 980 ad·
1137 989 1139 994 ,

113 1017 1087 1103 esseiusacramentotanquamdispositioarloltsolutiouerm

114 1141 206 1204 ergo,
221 1123 246 1186 si
261 1123 327 1186 sola
347 1125 522 1188 remitteret
539 1131 705 1210 peecatruu
718 1122 853 1202 retriale,
875 1125 954 1190 nihil
977 1147 1091 1214 opora-

113 1237 203 1296 rottn·
220 1227 359 1295 efficacia
378 1229 513 1294 clavium
529 1231 559 1294 in
575 1228 644 1316 ejus
659 1229 863 1296 remissione.

162 1334 195 1401 5.
215 1335 338 1400 Remini
354 1349 457 1421 potest
470 1358 526 1422 per
544 1337 800 1413 sacramentalia,
814 1359 844 1403 v.
856 1358 888 1422 g.
907 1360 966 1425 per
982 1360 1091 1426 asper·

115 1440 241 1507 sionem
259 1463 351 1526 aqttae
366 1442 557 1519 benedictae,
578 1465 635 1530 per
652 1444 910 1534 benedictionem
925 1446 1093 1534 episcopa·

115 1546 193 1622 lent,
208 1561 272 1610 etc.
293 1545 364 1610 llaec
377 1561 485 1610 autem
504 1547 609 1615 valent
626 1569 689 1612 nori
702 1569 739 1613 cx
756 1569 855 1635 opere
870 1564 1021 1635 operato,
1034 1549 1091 1614 scd

116 1656 277 1740 quatenns
288 1651 432 1718 alliciunt
443 1653 480 1716 ml
494 1653 737 1719 detestationem
750 1655 883 1738 peccati.
896 1657 975 1720 ltom
987 1656 1092 1722 valent

116 1781 175 1848 per
188 1760 322 1824 modum
339 1759 570 1846 impetrationis
587 1759 708 1842 gratiae,
729 1759 770 1823 ob
785 1779 895 1844 preces
910 1761 1086 1839 Ecclesiae,

116 1869 177 1944 sic,
197 1868 275 1932 diam
293 1867 396 1932 litlclis
415 1869 514 1933 trtitnr
532 1865 810 1952 aquabcnerlictal,
827 1887 939 1952 preces
952 1867 1092 1933 recitatae

116 1976 249 2042 nornine
267 1974 414 2041 Ecclesiae
439 1975 470 2040 in
494 1972 721 2041 benedictione
742 1972 888 2059 ejusdcm
915 1995 1010 2060 oquae
1032 1974 1092 2063 ipsi

115 2081 322 2169 applicantur
337 2081 394 2162 (9).

133 2298 135 2301 v
153 2263 185 2334 (ll
202 2267 238 2318 lta
250 2269 343 2318 Becco.
359 2269 461 2322 Sanun.
474 2269 553 2318 tltcol.
564 2265 596 2316 dc
609 2267 722 2317 Sacram.
734 2281 790 2331 cap.
801 2266 843 2328 δί,
855 2273 944 2331 qrraest.
959 2267 982 2328 l;
995 2263 1097 2320 Wircc-

118 2347 272 2412 burgenses,
289 2349 320 2397 de
336 2347 431 2398 Ponit.
446 2347 512 2410 disp.
531 2349 553 2408 l,
570 2360 626 2410 cap.
643 2344 668 2406 5,
688 2353 736 2397 art.
752 2349 781 2408 5;
800 2347 925 2410 vasquez,
944 2353 995 2399 etc.
1043 2346 1045 2351 ’

79 2506 83 2514 1
155 2440 189 2506 (i)
205 2443 240 2492 lle
256 2443 484 2498 sacramentalibus
499 2442 590 2492 scribit
601 2443 730 2500 Billttart,
748 2441 798 2492 loc.
817 2441 861 2491 cit.
878 2441 933 2504 ᾖδε
951 2462 962 2490 a
977 2443 1097 2493 Allasntrt

121 2540 134 2569 a
151 2535 209 2592 qrtoe
219 2537 253 2572 err
271 2535 366 2588 genere
379 2537 428 2572 sno
438 2529 464 2572 ct
479 2523 554 2572 nrodo
568 2537 619 2586 qtro
634 2521 813 2578 inculcabant
828 2521 973 2584 adjunctum
988 2523 1097 2588 aliquem

121 2620 133 2650 a
151 2603 265 2654 dolorem
281 2603 312 2654 ‹le
331 2605 452 2666 pcccatis,
467 2609 496 2652 ut
509 2603 637 2654 confessio
651 2602 788 2666 gener-alls,
801 2602 885 2650 tunsio
900 2602 1021 2664 pectoris,
1033 2603 1099 2653 Ora-

121 2701 134 2732 c
152 2683 188 2734 tio
203 2683 339 2740 dunriuira,
355 2689 407 2733 etc.
432 2682 485 2732 Alia
500 2689 559 2732 scrut
573 2695 638 2746 qrrae,
658 2681 723 2730 ultra
746 2685 843 2730 niolam
861 2683 1013 2731 reverentiae
1036 2695 1097 2746 erga

123 2787 135 2812 n
152 2773 195 2814 res
208 2764 317 2822 ‹lit-luas,
329 2764 372 2826 (μή
387 2763 411 2812 in
427 2775 514 2812 eorum
530 2776 577 2811 usu
592 2761 727 2823 reperitur,
739 2759 836 2809 liabent
846 2760 950 2822 insuper
959 2763 1097 2822 specialem

122 2859 135 2890 c
152 2843 185 2892 ali
196 2843 312 2894 Ecclesia
328 2843 532 2892 lrcncdictiouom
547 2847 574 2889 et
587 2839 816 2896 consecrationem,
832 2843 860 2886 ut
874 2851 937 2900 aqrra
952 2839 1097 2902 benedicta,

122 2941 135 2970 »
152 2922 298 2972 horredlctio
316 2922 445 2985 Episcopi,
461 2921 542 2971 oratio
556 2919 580 2968 iu
604 2918 711 2968 ccclesia
726 2915 860 2986 benedicti
876 2919 915 2966 rel
938 2921 1097 2980 consecrata,

122 3009 205 3052 aete.
232 3003 289 3051 llaec
306 3001 400 3060 omnia,
426 3002 448 3051 si
467 2999 628 3050 tariuautlttor
653 3004 679 3047 ct
706 2996 819 3046 virtuose
846 2996 916 3055 fiant,
942 3003 1010 3060 patet
1030 3001 1097 3062 (ruod

122 3100 135 3130 a
154 3089 293 3147 operentur
309 3080 339 3131 ad
355 3081 531 3130 remissionem
544 3085 705 3142 peccatorum
720 3076 866 3137 venialium,
881 3077 934 3126 sire
943 3080 1100 3140 posmodum

122 3184 137 3216 s
155 3162 309 3230 pernuntio
325 3161 448 3224 virtualis,
464 3160 518 3210 sire
535 3157 695 3222 impetrando
712 3157 817 3225 gratiam
836 3158 885 3222 qna
900 3157 957 3207 talis
972 3159 1101 3221 rroeniten-

123 3269 136 3298 a
155 3250 189 3300 tia
207 3250 342 3306 excitetur,
358 3259 408 3294 non
423 3245 498 3296 secus
512 3257 543 3293 ac
556 3251 648 3293 caetera
664 3255 741 3306 opera
766 3241 898 3292 virtutum.
916 3241 947 3291 Et
967 3254 1023 3305 quae
1041 3251 1101 3293 suut

123 3328 392 3396 rsccnndigoneris,
409 3333 500 3391 praetor
514 3327 579 3378 lianc
606 3326 724 3376 rietatem
739 3338 770 3376 ex
789 3331 861 3388 parte
879 3325 987 3382 ntorrtls,
1003 3325 1100 3377 halrent

123 3433 136 3462 ι
152 3415 257 3477 iusuper
271 3409 486 3470 benedictionem,
501 3407 720 3460 consecrationem
734 3411 762 3456 et
775 3419 864 3469 preces
889 3405 1019 3466 Ecclesin,
1044 3417 1100 3472 qttar

124 3513 137 3544 s
154 3501 214 3544 tunc
229 3491 303 3542 uoltis
316 3490 484 3555 applicantur,
499 3499 556 3538 enm
580 3486 618 3537 cis
633 3486 862 3538 sacramentalibus
879 3485 988 3549 trtituur,
1003 3492 1032 3536 ct
1043 3499 1100 3551 «111ae
1192 3542 1198 3562 d

898 3568 1026 3636 20.
