2556 3812
594 171 796 244 aiii-

201 317 353 410 praecepti
374 311 562 386 exhibetur:
586 318 624 383 Et
645 317 793 382 biberunt
815 315 928 380 mitto
943 334 1066 382 omner.
1084 317 1185 400 Quod

203 427 412 496 confirmatur
432 445 470 492 ex
491 424 632 510 antiquis
657 421 861 496 versionibus
879 422 1017 509 syriaca,
1037 425 1185 503 arabica,

202 532 387 621 aethiopica,
405 532 437 596 in
454 530 575 618 quibus
588 530 684 596 rerba
699 529 816 596 Christi
837 530 883 594 sie
904 529 1115 596 referuntur:
1130 531 1188 596 m·-
1233 576 1234 580 =

205 640 319 706 diteea
331 640 390 704 noe
412 659 522 704 omner
538 659 608 704 eor.
1056 627 1057 630 '

203 759 207 767 “
250 745 295 812 nd
314 745 390 810 5⁰¹⁰:
415 746 445 810 i.
464 745 568 813 Verba
594 743 646 810 itta
673 745 805 832 protulit
831 742 977 810 Christus
1000 741 1188 809 immediate

204 861 277 941 post
292 852 567 920 consecrationem
585 851 689 939 penis.
708 851 800 918 Unde
817 865 848 920 et
864 851 1001 928 Pauids,
1022 851 1079 937 qui
1098 851 1188 918 solus

204 964 281 1026 oum
297 960 332 1026 S.
358 959 441 1026 Lued
458 980 495 1024 ea
527 957 634 1036 refert,
655 979 663 1022 t
687 957 760 1023 Cor.
784 957 836 1037 Η,
866 958 926 1035 ⁹25,
949 962 1023 1022 edm
1049 957 1121 1044 ipse
1147 958 1208 1022 de,
1260 947 1261 952 ’

204 1087 287 1155 pune
300 1074 487 1134 consecrato
504 1065 635 1133 dixisset
650 1064 819 1130 absolute:
840 1064 1010 1150 iterfacite
1026 1065 1062 1128 in
1078 1082 1185 1128 meam
1260 1083 1261 1154 j

205 1173 552 1250 commemorationem,
580 1191 673 1240 versu
697 1191 766 1257 seq.
792 1172 837 1238 eit
861 1171 1100 1238 conditionate:
1128 1171 1188 1234 hoo

202 1280 311 1364 sorite,
341 1277 598 1362 quotiescumque
629 1276 752 1357 tideus,
773 1277 883 1357 idest,
916 1277 943 1342 si
963 1275 1127 1355 biberitis,
1153 1279 1187 1342 im
1260 1355 1261 1372 ἵ

119 1413 122 1418 ·
163 1409 164 1412 “
205 1403 311 1448 meam
336 1383 683 1448 commemorationem.
703 1381 768 1448 Nee
791 1383 888 1449 refert
906 1381 993 1468 quod
1015 1383 1049 1448 S.
1069 1383 1187 1461 Lucas,
1260 1445 1261 1452 ,

205 1487 344 1576 inquens
367 1488 409 1553 de
434 1487 532 1553 eaiioe
556 1488 659 1554 dieat:
676 1487 833 1554 Similiter
849 1499 878 1552 et
894 1485 1087 1566 eoiirem...;
1111 1509 1186 1554 nam

208 1596 265 1662 ista
279 1593 435 1682 particula
449 1594 597 1659 similiter
615 1603 736 1681 spectat
751 1600 875 1660 tantum
892 1595 932 1660 ad
954 1595 1115 1660 actionem
1134 1617 1188 1662 su·

208 1701 337 1780 mentis,
356 1699 590 1778 benedicentis,
607 1701 812 1787 porrigentis,
827 1707 1011 1768 nouantem
1026 1701 1187 1767 adomnia

207 1828 282 1898 quae
296 1805 441 1874 Christus
458 1813 552 1876 antei
568 1807 642 1874 feeit
669 1821 700 1873 et
727 1807 817 1874 diuite
847 1807 881 1873 2.
913 1805 1187 1874 Commemoratio

207 1916 380 1982 dominicae
397 1915 554 2003 passionis
572 1920 590 1981 d
618 1913 769 1980 fidelibus
791 1913 861 1981 fieri
887 1922 994 2002 potest·
1015 1913 1188 2002 peronius

207 2026 331 2088 tantum
350 2021 468 2108 speciei
486 2021 704 2108 sumptionem
718 2019 773 2102 (i).

250 2125 286 2193 2⁰
309 2127 377 2193 Non
401 2127 637 2195 Traditiones'

256 2229 413 2316 Equidem
440 2233 552 2319 primis
574 2233 722 2298 Ecclesiae
743 2231 882 2311 saeculis,
908 2253 1012 2318 usque
1040 2233 1080 2298 ad
1106 2233 1190 2300 deci·

209 2353 300 2399 mum
317 2335 458 2414 tertium,
472 2346 537 2402 non
554 2337 741 2424 infrequens
754 2337 813 2404 suit
826 2339 1011 2405 communio
1025 2339 1086 2406 sub
1101 2346 1189 2404 utre·

166 2513 168 2516 .
209 2459 274 2526 que
290 2440 421 2537 speeie:
447 2445 615 2528 nunquim
633 2456 740 2509 autem
763 2443 823 2510 suit
840 2437 1008 2510 obseruata
1033 2452 1188 2532 tanquim

208 2537 388 2614 necessaria
409 2567 448 2615 ex
462 2561 625 2635 praeoepto
648 2549 769 2628 divino,
788 2556 862 2616 eum
880 2552 911 2616 ia
930 2535 1039 2616 multis
1057 2548 1187 2618 casibus
1260 2545 1261 2626 J

205 2653 311 2720 tiebat
325 2653 558 2722 subalterutrd
574 2659 697 2720 tantum
716 2655 836 2744 speeie.
861 2659 892 2724 i.
911 2657 979 2723 Sub
997 2656 1066 2723 soie
1082 2659 1191 2744 specie

209 2761 301 2846 penis
325 2761 521 2828 Eucharistia
540 2758 749 2840 deserebatur
773 2763 813 2828 ad
839 2763 1000 2842 infirmos,
1026 2747 1062 2828 ut
1087 2763 1192 2851 liquet

117 2923 120 2927 ,
210 2861 425 2933 ex·historia
466 2869 674 2954 Serapionis,
703 2889 755 2955 ap.
784 2867 904 2935 Euseb.
931 2865 954 2935 1.
980 2869 1039 2949 Vl,
1064 2892 1093 2937 o.
1125 2871 1188 2948 ilr3

208 2973 284 3038 item
302 2993 340 3038 ex
367 2973 498 3040 historid
530 2976 563 3041 S.
583 2973 755 3053 Ambrosii,
777 2977 829 3040 eui
851 2976 883 3040 iu
907 2977 1059 3043 extremis
1085 2978 1190 3064 posito

208 3071 243 3153 S,
270 3073 450 3142 Honoratus
466 3075 677 3146 vercellensis
699 3079 869 3167 episeopus
894 3079 1027 3146 tradidit
1056 3081 1191 3146 Domini

243 3328 278 3390 (t)
294 3330 412 3383 vidtur.
426 3336 570 3392 Bellarmiu.
592 3345 718 3395 controv.
733 3345 764 3394 de
777 3345 900 3396 Sacram.
914 3346 998 3398 Edon.
1010 3346 1055 3396 lib.
1065 3393 1068 3402 ,
1077 3346 1119 3407 lv,
1135 3361 1193 3410 cap.

210 3397 608 3540 3:120t522itffigussrrt2'mm
625 3411 728 3474 dissert.
745 3425 769 3486 d,
786 3430 834 3474 art.
845 3425 871 3490 ἐξ
887 3425 1093 3504 wirceburgade
1103 3430 1193 3480 Earn.

262 3506 268 3520 .
302 3511 309 3536 ,
336 3515 337 3518 ,
365 3517 370 3532 ,
406 3521 413 3546 ‚
471 3526 477 3538 ‚
706 3515 717 3520 ,,
891 3506 897 3522 ,
