2536 3826
599 171 777 244 ⁸50...

202 319 435 406 requireretur,
449 316 624 384 dicendum
640 317 723 383 toret
734 314 862 382 nullum
877 315 1186 386 ministeriumesse

201 445 314 492 verum
333 424 449 491 Christi
467 422 696 490 ministerium.
725 421 824 505 Quod
835 421 957 488 admitti
970 441 1040 490 non
1061 433 1187 512 potest.

249 597 289 662 Ut
299 575 515 663 ministerium
533 595 594 662 diei
608 595 708 683 possit
723 594 942 680 Apostolicum
962 597 1091 662 ratione
1109 616 1187 680 pro·

201 704 390 787 prietatem,
409 701 586 789 requiritur
598 714 633 768 ut
649 702 711 768 sit:

593 889 646 930 m.
657 887 797 936 Mummi

248 1026 359 1102 idest,
383 1029 419 1086 ut
446 1022 478 1086 in
508 1020 654 1100 doctrina
669 1039 767 1107 qnam
792 1019 972 1107 profitetur,
999 1021 1032 1086 in
1057 1021 1187 1104 legibus

203 1149 283 1220 quas
296 1126 444 1214 imponit,
462 1145 528 1192 non
540 1126 744 1193 contradicat·
756 1122 949 1211 evangelicae
965 1126 1134 1192 sanctitati.

248 1230 349 1298 Proh.
379 1232 414 1298 i⁰
439 1231 550 1320 Supra.
569 1233 712 1300 vidimus
731 1252 844 1300 uerum
867 1231 1085 1298 ministerium
1112 1252 1189 1299 esse

203 1350 399 1426 perpetuum
415 1349 447 1404 et
468 1345 623 1426 perpetua
640 1329 788 1423 gaudere
805 1335 1042 1403 infallibilitate.
1070 1337 1192 1416 Porro
1256 1419 1257 1422 Ἴ

202 1464 267 1509 non
287 1455 370 1520 esset
392 1451 608 1532 perpetuum
620 1465 686 1510 non
711 1448 868 1530 perpetuu
891 1440 1049 1526 gauderet
1066 1441 1190 1508 infalli-

201 1549 325 1616 hilitate
337 1549 551 1618 ministerium
566 1548 663 1637 eujus
684 1547 827 1624 doctrina
845 1559 900 1610 ant
916 1545 1003 1628 leges
1020 1550 1192 1616 contradi
1256 1623 1257 1626 Ἴ

204 1669 314 1746 cerent
323 1655 477 1745 doctrinae
491 1653 620 1720 Christi.

133 1821 138 1829 s
248 1763 286 1826 ⁶2⁰
302 1755 341 1826 Si
351 1759 547 1824 eontrarium
575 1758 644 1824 fieri
661 1762 788 1844 posset,
806 1754 864 1821 vel
877 1753 1016 1821 Ecclesia
1037 1755 1137 1822 obser
1138 1779 1191 1826 va

203 1878 252 1932 ret
264 1864 442 1931 doctrinam
454 1876 486 1930 et
501 1875 670 1952 praecepta
668 1859 919 1950 ministerii‚vel
941 1881 1019 1932 non.
1031 1861 1068 1926 In
1080 1864 1192 1949 priori

204 1993 293 2052 casu,
309 1971 448 2040 Ecclesia
468 1969 703 2042 contradiceret
722 1968 877 2036 doctrinae
895 1965 1023 2047 Christi,
1048 1967 1191 2055 proinde

199 2079 266 2167 jam
283 2058 446 2146 non'esset
460 2090 535 2144 uera
552 2073 704 2143 Ecclesia.
715 2074 750 2140 ln
765 2073 948 2161 posteriori,
956 2071 1094 2141 Ecclesia
1118 2095 1189 2142 non

114 2250 118 2259 ,
191 2181 371 2250 'adhaerens
388 2182 578 2260 ministerio,
594 2181 719 2266 eo-ipsn
733 2179 830 2246 ctiam
854 2179 1016 2266 desineret
1028 2197 1188 2246 essevera

155 2313 170 2344 μ
203 2269 320 2350 Christi
332 2287 482 2352 Ecclesia.
502 2288 601 2354 Porro
618 2283 772 2365 neutrum
785 2284 917 2360 admitti.
937 2296 1062 2372 potest,
1080 2283 1188 2370 aiqui-

101 2469 102 2472 ,
203 2387 278 2474 dent
300 2387 438 2462 Ecclesia
460 2399 508 2454 eat
523 2401 678 2476 perpetua
699 2399 731 2455 et
745 2375 1041 2478 perpetuagaadet
1068 2389 1188 2472 infalli-

204 2485 338 2574 bilitate,
353 2500 388 2560 ut
399 2491 480 2562 iniri
497 2492 673 2562 videbitur.

167 2725 177 2740 ὁ
247 2648 289 2712 Ex
313 2647 405 2715 dietis
426 2649 573 2735 sequitur
599 2648 818 2714 llinis-terium·
835 2666 949 2716 verum
977 2669 1048 2716 esse
1071 2669 1186 2725 unare,

203 2751 407 2829 catholicam,
425 2763 594 2831 sanctam
610 2755 747 2840 proinde
765 2775 877 2821 verum
895 2775 960 2822 non
976 2775 1048 2824 esse
1062 2754 1189 2819 *minis-¹

205 2855 321 2920 terium
338 2857 390 2922 cui
406 2856 490 2924 saeta
507 2878 571 2923 non
588 2871 776 2948 competunt
798 2878 912 2927 omnes
941 2861 1010 2928 istae
1037 2860 1187 2948 proprie·

203 2972 298 3029 tates.
896 2990 923 3002 -“

250 3112 304 3183 52.
319 3113 482 3185 aequiritur
495 3117 527 3172 ut
539 3131 606 3172 annu
620 3116 739 3186 gaudeat
752 3117 892 3189 praedietis
906 3119 1135 3190 proprietatibus,
1190 3183 1192 3188 ,

156 3318 162 3323 .
249 3263 283 3328 ld
300 3273 362 3343 est,
380 3276 414 3332 ut
429 3268 643 3335 ministerium
665 3269 745 3337 nihil
770 3271 903 3353 deceat,
928 3273 996 3339 sive
1005 3274 1185 3362 explicite,

206 3363 272 3424 sive
288 3366 453 3448 implicite,
485 3372 572 3456 quod
592 3373 696 3456 logice
713 3377 857 3444 tenderet
872 3379 912 3446 ad
930 3375 1186 3446 destructionem

206 3463 430 3543 praedictarum
448 3475 692 3558 proprietatum.
712 3478 860 3589 hliffiia
880 3482 911 3550 l.
931 3483 1030 3550 istud·
1044 3485 1188 3552 ministe-

90 3751 322 3775 ’.κὴ-...Πηλ-
