2546 3800
582 1 784 69 *itu-

193 157 301 212 rentes
323 164 384 230 pro
414 144 484 230 ipso
517 143 714 230 baptismum
752 141 1018 219 desiderorunte
1036 162 1097 210 nec
1124 165 1181 232 per

193 250 390 337 sepulturam
404 251 545 316 ltaeretici
563 271 627 314 non
645 247 824 313 denuntiati
847 249 904 327 (lt.

237 359 275 422 Ut
291 358 452 443 polluatur
475 356 609 422 ecclesie
628 377 684 441 per
701 355 852 440 proedicto
871 354 967 433 lueto,
1000 359 1180 444 requiritur

195 465 227 528 l.
243 473 278 528 ut
292 464 369 528 liont
392 466 473 529 intra
498 464 680 539 eeclesiam,
704 463 736 526 id
758 475 806 526 cst
826 461 907 526 iutro
928 464 1082 548 parieteS,
1104 487 1178 551 quae

191 573 320 658 proprie
338 573 498 658 pertinent
511 572 552 634 orl
570 591 688 654 corpus
708 555 866 645 ccclesiae,
883 570 971 654 quod
991 573 1177 638 extenditur

195 679 352 743 uforniee
371 679 530 763 superiori
555 677 594 740 ad
618 676 850 761 pavimentum,
880 679 896 738 tr
920 683 1010 760 portt
1034 677 1181 745 interiori

196 805 299 870 usque
316 785 355 848 nrl
377 785 521 848 ultimum
544 784 716 869 parictem:
734 782 820 846 uncle
843 803 905 845 non
925 782 1139 867 pollueretur,
1156 787 1182 850 si

195 891 309 955 sterent
327 891 356 954 in
373 891 463 964 turri,
486 891 517 953 in
535 901 631 962 tecto,
647 888 679 949 in
698 887 840 950 sacristiu
856 886 966 951 aliisve
984 887 1064 954 locis
1078 893 1184 957 eccle-

195 999 252 1062 siae
269 997 523 1061 orllrmrcntibus.
538 993 764 1078 Requiriturl.
787 1005 819 1054 ut
832 993 895 1054 sint
907 994 1030 1056 notorio
1044 999 1186 1063 notorie·

197 1118 259 1168 tutc
272 1103 355 1188 juris
373 1117 427 1166 aut
441 1102 525 1177 lacti,
541 1102 606 1164 sire
619 1106 725 1162 stetim
738 1105 755 1162 ὲ
767 1101 1004 1184 perpetratione
1021 1102 1183 1183 criminis,

196 1212 263 1276 sire
280 1229 431 1273 successu
446 1207 613 1292 temporis.

241 1316 314 1380 Not.
343 1315 373 1377 l.
397 1313 519 1378 Pollutu
541 1313 688 1389 ecclesie,
719 1312 838 1398 polluto
862 1327 937 1377 sunt
963 1315 1075 1380 ultorio
1106 1318 1184 1396 fixa,

197 1442 262 1484 non
276 1428 352 1484 reru
369 1420 478 1484 altorio
509 1420 666 1506 portatilia
689 1420 750 1500 (ltu
770 1419 844 1482 itcrn
863 1420 1022 1504 pollutum
1049 1437 1098 1488 est
1115 1444 1182 1489 cue·

199 1526 369 1590 mererium
386 1527 587 1609 contignum,
613 1529 707 1590 secus
731 1531 808 1590 rcrr')
829 1529 1051 1592 coemeterium
1075 1551 1187 1594 remo-

198 1638 279 1695 tum.
302 1631 448 1708 Econtm,
469 1630 591 1716 polluto
616 1637 800 1693 coerneterto
821 1650 884 1694 non
908 1631 1062 1715 polluitur
1080 1633 1188 1698 eccle·

197 1738 255 1803 siu.
275 1737 503 1802 Coemctcrium
522 1749 629 1800 autem
649 1735 927 1820 pottunorttsuem
944 1739 1049 1802 cousis
1066 1741 1188 1826 ooipsa

197 1845 344 1910 ecclesio.
364 1845 397 1908 ἓ.
414 1830 561 1909 ’ὃοίοηῑον
582 1842 749 1906 celebrans
769 1843 800 1904 in
820 1842 954 1907 ecclesie
974 1845 1095 1929 polluto
1116 1866 1189 1930 gro·

196 1953 275 2016 viter
293 1959 412 2038 peccet,
432 1951 553 2014 nullom
571 1951 646 2014 vero
664 1970 791 2034 prunam
810 1950 945 2014 incurrit
963 1951 1019 2031 (5).

243 2060 341 2124 Porro
354 2060 391 2122 2⁰
409 2072 574 2122 execratur
586 2056 718 2121 ecclesio
742 2057 766 2119 si
786 2057 922 2142 parietes
943 2072 997 2122 out
1015 2073 1122 2124 crustu
1142 2074 1190 2125 to·

199 2165 303 2228 taliter
316 2177 370 2226 nut
384 2165 562 2227 seeundum
590 2161 746 2248 mojorem
772 2169 896 2248 purtem
915 2165 1187 2242 rlcstruerentur;

199 2287 265 2330 non
282 2273 389 2328 autom
406 2267 432 2328 si
457 2278 557 2329 totum
584 2274 701 2330 tectum
725 2278 779 2329 out
803 2265 906 2330 lornix
935 2268 1084 2352 superior
1112 2291 1192 2334 cor-

201 2383 321 2447 rueret,
352 2370 400 2434 rel
424 2371 450 2436 si
476 2371 613 2457 parietes
630 2393 686 2456 per·
709 2371 852 2436 modicos
875 2386 980 2458 portes
1002 2377 1192 2442 successive

199 2477 442 2543 destruerentur
456 2478 714 2554 retinerenturvc,
735 2477 807 2542 licet
824 2487 887 2542 toto
906 2479 1039 2545 ecclesio
1053 2503 1192 2550 sueces-

200 2584 266 2650 sive
283 2599 489 2651 renovaretur
504 2586 560 2666 (l).
579 2619 587 2632 ·

245 2692 321 2757 Not.
344 2693 491 2757 Execrotrt
511 2691 657 2767 ecclesio,
682 2711 744 2754 non
768 2699 958 2756 execrantur
981 2692 1091 2757 altorio
1111 2715 1195 2781 quee

201 2798 299 2864 illaesa
323 2807 466 2877 monent,
487 2812 517 2862 et
537 2798 605 2862 rice
623 2803 726 2863 versu.

234 2981 241 3047 l
247 2987 253 3033 Ι
259 2981 267 3040 l
283 2986 318 3034 De
332 2985 373 3034 tris
387 2991 487 3036 constet
501 2999 532 3034 er
547 2985 624 3034 vertis
637 2984 700 3034 loeis
712 2984 778 3047 juris
793 2984 919 3035 cononici.
935 2984 993 3034 viu.
1011 2992 1107 3048 preeter
1125 3002 1198 3040 aue-

198 3069 268 3113 tores
286 3064 379 3114 citatos
390 3065 415 3114 S.
435 3065 489 3128 Lig.
507 3078 532 3112 o.
553 3064 602 3112 out
617 3069 643 3113 et
661 3077 727 3127 seq‚;
751 3065 782 3114 t).
799 3064 972 3126 moriannae,
989 3078 1031 3128 op.
1046 3067 1094 3118 eit.
1130 3084 1196 3136 pag.

202 3140 249 3188 tte
268 3147 363 3204 etseq.
754 3203 756 3206 ,
929 3199 931 3204 ,

235 3227 267 3288 (²2)
283 3230 338 3281 vid.
353 3233 476 3294 terroris,
496 3245 523 3283 r⁰
540 3229 641 3298 Altero,
657 3236 683 3285 S.
703 3237 758 3301 Lig.
774 3250 800 3284 n.
820 3237 878 3286 568.

236 3313 268 3373 (Sl
284 3319 309 3367 S.
326 3321 380 3382 Lig.
396 3335 422 3370 n.
442 3324 501 3383 561,
516 3326 611 3375 Bened.
627 3326 689 3387 xrv,
705 3328 736 3376 dc
751 3327 851 3388 Sacris.
866 3329 929 3377 ruis.
944 3327 962 3376 l.
978 3328 1019 3388 ut,
1035 3343 1059 3380 c.
1076 3332 1103 3394 7,
1122 3348 1152 3384 n.
1169 3337 1200 3386 4.

238 3404 270 3464 tl)
286 3405 311 3453 S.
328 3407 382 3470 Lig.
399 3424 425 3458 n.
440 3413 502 3473 3683
516 3415 545 3462 D.
564 3415 737 3479 Richoudeou
753 3431 795 3480 op.
811 3418 856 3466 cit.
876 3432 933 3482 pag.
949 3419 1006 3477 l025,
1021 3428 1074 3470 etc.
