2556 3812
607 126 808 192 -f8i-

219 271 326 338 morbi
339 271 495 358 periculo,
516 289 639 336 sacram
657 269 920 338 communionem
936 269 1065 336 iudrmo
1082 269 1199 338 minis·

221 393 305 446 trare
318 399 376 468 per
388 377 520 444 modurn
534 377 636 444 viatici
655 390 725 464 post
737 389 810 442 octo
826 375 951 442 circiter
975 376 1044 442 dies
1060 376 1103 442 ab
1119 377 1198 442 uiti-

220 489 273 552 mi
290 485 533 559 communione3
549 483 626 560 imo,
642 483 691 548 bis
715 483 747 548 in
765 482 981 558 hebdomade,
1001 483 1026 548 si
1045 483 1198 550 infirmus

221 593 260 658 sit
280 605 427 657 assuetus
443 591 482 655 ad
500 591 699 676 frequentem
713 611 806 654 usum
824 589 1027 654 eucharistiae
1045 591 1103 668 (f).

266 699 415 765 Cessante
434 698 575 786 periculo
601 697 722 774 mortis,
747 697 772 760 si
791 696 923 760 morbus
947 697 985 761 sit
1003 697 1194 777 diuturnus,

220 801 1197 890 etinfirmusnunquimjejunuscommunicarevaleat,juxta

220 909 329 996 piures
352 911 447 974 etiam
476 909 585 974 ficeret
612 907 780 993 aliquoties
805 905 836 970 in
866 926 950 972 anuo
968 907 1199 972 eucharistiam

221 1015 280 1101 ipsi
306 1037 368 1080 non
384 1013 497 1102 jejuno
515 999 709 1080 ministrare.
728 1012 846 1078 Saltem
863 1013 895 1078 in
913 1005 950 1078 eo
969 1013 1097 1078 videtur
1115 1014 1197 1078 ratio

220 1120 382 1188 sufficiens
400 1135 432 1186 ιιι
451 1144 539 1188 sacra
557 1122 742 1188 communio
764 1121 804 1186 ad
826 1120 990 1188 infirmnm
1007 1115 1194 1208 aliquoties,

219 1227 398 1314 praesertim
423 1241 566 1316 tempore
583 1227 735 1316 paschali,
760 1226 923 1294 deferatur
951 1240 1023 1314 post
1051 1229 1194 1295 mediam

220 1333 423 1414 noctemffl).

265 1438 302 1502 2⁰
318 1439 350 1504 Si
367 1440 449 1505 adsit
473 1440 654 1527 periculum
671 1461 712 1506 ne
740 1463 828 1506 sacra
848 1440 1040 1508 eucharistia
1070 1454 1194 1528 pereat,

219 1545 550 1624 remanentem,
569 1569 599 1612 v.
618 1567 650 1630 g.
670 1569 711 1612 ne
728 1547 876 1614 incendio
903 1549 1127 1627 comburatur,
1146 1548 1196 1614 ref

219 1651 252 1716 in
264 1673 378 1718 manus
395 1654 567 1742 impiorum
584 1667 639 1718 aut
656 1653 880 1720 ftaereticornm
904 1655 1071 1732 deveniam
1098 1657 1196 1720 modo

219 1781 315 1825 nemo
329 1761 366 1826 sit
377 1760 523 1848 jejunus,
543 1783 602 1826 uec
619 1761 796 1847 profanatio
810 1763 902 1826 alitor
913 1763 1060 1848 impertiri
1080 1764 1193 1848 possit.

264 1869 300 1933 3⁰
318 1869 351 1934 Si
364 1871 493 1953 sangnis
506 1870 665 1958 pretiosus
676 1869 708 1934 in
728 1883 844 1944 terrant
863 1867 982 1934 effusus
1005 1868 1106 1935 lambi
1130 1891 1195 1936 nou

218 1977 318 2063 possit
334 1982 353 2041 d
366 1974 494 2063 jejuno.
520 2057 521 2061 Ἰ

262 2081 300 2144 4⁰
316 2081 349 2146 Si
375 2083 526 2148 sacerdos
553 2080 719 2147 celebrans
742 2079 897 2145 morietur
919 2079 969 2144 vei
1001 2078 1196 2166 corripiatur

217 2187 332 2253 morbo
344 2201 414 2272 post
430 2191 716 2266 consecrationem,
732 2208 791 2252 uec
803 2187 886 2252 adsit
899 2187 1049 2254 sacerdos
1057 2185 1194 2273 jejunus

217 2291 273 2376 qui
291 2293 422 2357 missam
439 2295 606 2360 absolvere
626 2296 740 2382 possit.

263 2395 299 2460 5⁰
316 2397 348 2462 Si
361 2401 522 2479 sacerdos,
533 2400 603 2487 jam
619 2402 659 2466 ad
677 2401 776 2466 altare
792 2401 929 2466 existens
946 2399 1137 2466 recordetur
1157 2420 1194 2464 se

215 2525 361 2570 nonesse
376 2502 539 2592 jejunum,
553 2508 673 2573 et-sine
689 2509 839 2574 scandalo
851 2508 1017 2574 discedere
1034 2519 1191 2593 nequeat.

215 2609 272 2679 tet
288 2610 313 2676 si
335 2610 369 2676 iu
385 2610 567 2697 sumptione
580 2613 770 2678 sacramenti
783 2613 923 2678 advertat
939 2633 974 2680 se
988 2632 1106 2696 nquam
1119 2611 1193 2676 foco

215 2714 279 2780 vini
307 2715 340 2779 in
366 2713 497 2780 calicem
520 2715 703 2784 infudisse:
726 2729 801 2780 tuno
824 2729 941 2802 potest„
970 2715 1036 2779 imo
1064 2723 1195 2780 tenetur

215 2841 416 2900 consecrare,
448 2829 503 2886 aut
526 2843 641 2888 novam
660 2822 798 2887 hostiam
815 2822 909 2888 simui
937 2843 1011 2887 eum
1028 2821 1115 2900 vino,
1136 2834 1193 2887 aut

215 2927 462 2994 vinumsolum.

260 3032 297 3096 6⁰
315 3033 347 3098 Si
365 3033 461 3098 missa
479 3033 671 3102 celebrando
689 3036 728 3099 sit
741 3033 874 3121 populo,
893 3043 924 3100 et
940 3034 1102 3122 parochus
1123 3054 1191 3099 non

210 3133 361 3220 jejunus,
389 3160 448 3204 nec
468 3141 568 3226 possit
589 3141 726 3206 alterum
746 3142 946 3206 sacerdotem
976 3141 1110 3220 habere,
1129 3160 1193 3206 nec
1254 3199 1255 3208 .

247 3324 281 3383 (1)
297 3327 352 3374 Vid.
368 3327 463 3380 Bened.
488 3333 549 3393 xlv,
564 3337 595 3386 de
610 3339 709 3397 spond.
733 3335 778 3386 lib.
796 3337 842 3398 Vll,
858 3351 915 3401 cap.
935 3337 975 3400 11,
994 3353 1020 3388 ιι.
1040 3340 1099 3391 det
1115 3341 1144 3403 ii;
1164 3340 1190 3391 S.

214 3395 270 3458 Liq.
285 3414 310 3448 ιι.
326 3402 384 3463 285,
400 3413 427 3454 et
443 3411 522 3461 Hom.
536 3425 581 3474 ap.
594 3419 669 3464 tract.
684 3416 725 3476 15,
741 3429 768 3465 n.
778 3416 811 3466 to
824 3423 853 3466 et
861 3417 905 3467 tt.

47 3505 83 3696 .
248 3481 279 3543 fi)
294 3485 338 3542 tto,
357 3503 413 3539 cum
428 3493 500 3545 Elbel
516 3506 542 3548 et
559 3501 625 3560 aliis,
638 3505 663 3552 Ρ.
680 3505 756 3569 Gury,
773 3513 835 3556 tom.
852 3507 917 3574 li,n.
932 3507 991 3559 111.

99 3712 146 3734 P-
283 3737 305 3744 ιι

309 3741 472 3762 Ἢ

479 3761 522 3768 ξ
