2536 3826
622 153 799 224 ...02-

225 293 457 385 legitimitatcm
478 287 872 388 sgnoseobant31rroinde
890 278 1023 367 omniuo
1046 308 1223 389 negarunt

227 405 427 478 existentiam
452 401 593 492 cuiusvis
616 401 813 471 auctoritatis
839 401 1039 486 infallibilis;
1068 409 1221 495 proinde

227 533 265 580 eo
279 513 348 600 ipso
358 509 493 600 professi
503 521 577 577 sunt
592 509 750 576 rationem
760 527 831 575 esse
843 511 975 596 prorsirs
985 509 1219 601 independen-

225 630 291 684 tem
307 618 390 684 circa
405 615 554 682 veritates
563 613 743 700 religiosas.
760 615 860 680 Porro
877 613 1025 706 admisso!
1042 619 1097 688 tali
1115 623 1217 708 prin·

226 724 323 811 cipio,
340 724 485 790 doctrina
496 721 665 788 ministerii
677 721 820 806 legitime
836 728 945 810 posset
961 719 1105 808 quodam
1122 733 1217 795 tem-

225 850 304 916 pore
321 829 540 896 contradicere
556 827 710 894 doetrinae
728 825 980 914 praecedentium
1003 840 1214 918 temporum,

105 1009 107 1014 ,
225 936 369 1002 doctrina
383 933 554 1021 cujusdam
574 934 675 1021 partis
692 933 833 1018 legitime
854 945 965 1020 posset
980 938 1216 1008 contradicere

224 1043 379 1108 doctrinae
391 1041 521 1107 alterius
533 1040 643 1127 partis;
657 1038 744 1127 quod
754 1051 914 1126 repugnat
930 1061 967 1106 ex
983 1048 1074 1108 antea
1090 1045 1213 1114 dictis.

267 1145 613 1234 Necsooto.Siquidem
627 1145 710 1212 iacto
724 1145 898 1212 adsuerunt
909 1147 1099 1216 variationes
1111 1155 1215 1238 apud

224 1252 350 1318 Graecos
367 1265 400 1318 et
421 1251 637 1319 protestantes
655 1253 738 1318 circa
754 1251 866 1318 fidem.
880 1287 925 1302 ·-
939 1254 1030 1339 Apud
1049 1255 1211 1325 Graecos:

220 1355 299 1423 dnte
316 1357 494 1426 schismatis
511 1370 656 1446 tempora
671 1355 773 1424 Graeci
791 1355 1026 1444 profitebantur
1050 1361 1213 1429 eamdem

220 1463 318 1529 iidem
330 1483 428 1548 quam
441 1461 656 1529 ministerium
672 1460 879 1527 catholicum.
894 1461 968 1528 Post
980 1461 1133 1544 schisma,
1150 1486 1214 1534 nc·

220 1572 338 1654 gerunt
353 1569 594 1656 processionem
622 1563 758 1656 Spiritris
784 1567 891 1634 Sancti
907 1573 926 1633 a
942 1570 1034 1635 Patre
1050 1580 1082 1635 et
1105 1566 1209 1652 Filio,

222 1676 396 1762 primatum
408 1674 441 1740 S.
460 1673 641 1752 pontificis,
661 1679 712 1752 et,
730 1673 854 1740 ratione
876 1672 1078 1754 schismatis,
1095 1675 1214 1760 logice

221 1779 448 1846 conducuntur
459 1778 500 1846 ad
517 1777 729 1864 rejiciendum
752 1799 865 1846 omncs
880 1781 1029 1846 veritates
1040 1781 1080 1846 ab
1095 1781 1213 1852 Eccle-

220 1886 266 1954 sia
285 1883 442 1951 catholica
466 1885 607 1952 decursu
622 1896 805 1972 temporum
831 1878 1212 1976 definiendas—Apud

219 1991 455 2058 Protestantes:
473 1989 552 2057 Ante
567 1990 948 2057 Pseudo-reformationis
964 2003 1121 2080 tempora,
1142 1995 1213 2064 Lu·

220 2093 331 2165 theros
347 2108 379 2163 et
390 2096 468 2164 socii
484 2097 516 2162 in
537 2097 687 2162 eamdem
701 2117 777 2164 eum
790 2096 955 2162 catholicis
965 2097 1215 2168 conveniebant

218 2202 330 2269 fidem.
349 2203 462 2267 Postea
472 2209 550 2266 vero
561 2201 679 2264 multas
690 2201 871 2267 successive
891 2202 1073 2287 rejecerunt
1088 2205 1215 2275 verita·

219 2317 279 2370 tos.
298 2306 346 2382 Et,
364 2316 511 2390 tempore
522 2306 682 2390 praesenti,
694 2303 782 2370 nulla
798 2313 881 2392 pene
899 2315 963 2373 stat
974 2307 1101 2386 veritas,
1123 2329 1214 2396 quae

218 2416 238 2476 d
253 2407 415 2498 prioribus
433 2405 699 2476 reformatoribus
728 2410 836 2478 adhinc
858 2413 996 2480 admissa
1012 2416 1030 2480 a
1044 2418 1214 2500 posterio-

218 2517 310 2584 ribus
326 2515 516 2582 inconcussa
528 2516 753 2604 permanserit.

261 2624 297 2690 2⁰
320 2624 437 2705 Qnooc
458 2621 731 2690 Catholioitotem:
756 2623 912 2690 Praedicta
931 2623 1108 2692 ministeria
1131 2647 1209 2696 non

217 2729 383 2815 possident
395 2727 641 2794 catholicitatem
654 2729 762 2815 quoad
777 2727 863 2814 iura,
878 2749 937 2795 nec
949 2731 1058 2816 quoad
1078 2729 1208 2801 doctri-

217 2851 294 2898 num
310 2830 432 2898 etloca.

261 2937 299 3002 l⁰
318 2936 435 3019 Quoad
446 2935 543 3024 jura:

261 3043 406 3111 l⁰1stam
422 3042 483 3109 sibi
504 3042 647 3128 legitimi
667 3043 832 3114 vindicare
858 3055 1038 3132 nequeunt
1055 3045 1142 3128 Quia
1164 3049 1206 3116 l.

213 3150 322 3215 omnia
339 3147 514 3215 ministeria
527 3148 703 3216 acatholica
716 3149 865 3215 nituntur
874 3149 1032 3238 principio
1044 3148 1213 3234 legitimare

157 3294 161 3308 .
211 3250 413 3319 rebellionis.
428 3253 536 3339 Atqui,
550 3252 654 3340 posito
671 3252 726 3320 tali
737 3253 907 3340 principio,
922 3254 1083 3320 evanescit
1099 3275 1213 3328 omne

209 3350 288 3430 jus3
307 3354 467 3438 siquidem
483 3355 541 3420 ubi
556 3356 686 3422 violatio
698 3357 782 3442 juris
803 3356 968 3442 illegitima
984 3378 1051 3424 non
1067 3370 1130 3438 est,
1151 3361 1210 3429 ibi

216 3468 282 3514 non
297 3454 460 3538 adestjus.
477 3456 561 3536 Quia
578 3458 611 3526 2.
627 3467 725 3548 supra
748 3461 887 3532 vidimus
908 3463 1061 3552 praedicta
1086 3465 1211 3536 minis-

14 3545 31 3576 h
