2556 3812
603 167 804 232 -lll‘l-

210 326 334 383 cortun,
356 307 486 392 quando
500 307 542 372 ibi
562 315 727 393 nguritper
744 306 876 370 modum
894 305 1116 386 habitationis,
1138 328 1192 372 re·

207 413 263 478 loti
281 413 305 478 si
325 413 368 478 ibi
393 429 467 482 sunt
498 417 667 480 occasione
687 413 876 478 visitationis
902 413 948 479 rel
974 415 1111 492 itineris,
1141 416 1190 480 rel

207 519 345 604 hospitio
364 521 407 585 ibi
430 523 547 609 recepti
566 523 621 602 (l).

249 625 300 690 tv.
317 626 497 711 Aliquando
515 627 608 691 missa
621 626 776 692 celebrari
795 639 898 710 potest
911 638 997 690 extra
1017 625 1128 690 locum
1140 649 1190 692 sa-

206 753 310 810 ctum,
330 734 370 800 tle
387 733 514 798 lieentia
531 734 683 820 episcopi,
701 735 766 797 imo
783 733 906 816 absque
918 733 1072 816 proedieta
1089 733 1191 797 licen·

205 842 247 904 tia
258 842 283 906 si
299 861 447 906 recursus
458 843 498 906 atl
509 844 694 928 episcopum
706 839 955 906 contmodnficri
967 851 1122 925 nequeat,
1134 845 1193 907 soi·

203 945 289 1026 licet,
308 947 333 1012 si
354 950 458 1032 gravis
474 963 588 1032 urgeat
601 948 782 1022 necessitas,
806 968 835 1012 v.
852 965 883 1028 g.
903 946 928 1010 si
946 946 1082 1010 ecclesia
1101 965 1188 1013 esset

204 1055 322 1130 tliruta,
339 1055 387 1119 rel
405 1056 570 1119 continere
587 1075 649 1119 uon
668 1069 775 1140 posset
791 1053 1030 1117 multitudinem
1049 1073 1125 1138 quae
1138 1077 1187 1120 se·

206 1162 263 1222 cirs
282 1159 333 1222 die
351 1159 432 1223 sesto
450 1163 545 1224 missu
565 1173 706 1237 careret,
730 1159 755 1222 si
780 1159 930 1222 sacerdos
948 1158 1077 1240 longam
1099 1181 1188 1244 pere·

205 1265 418 1345 griuationem
447 1280 615 1351 perageret
635 1286 692 1351 per
714 1266 782 1329 loca
805 1263 954 1341 deserta,
974 1264 1000 1327 si
1026 1266 1188 1330 exercitus
1260 1280 1263 1288 ⁴

207 1383 290 1432 essct
308 1370 464 1436 incastris
481 1373 641 1437 autturba
663 1372 879 1456 navigantium
898 1372 927 1435 in
949 1371 1055 1435 littore
1074 1373 1185 1450 maris,

208 1488 270 1538 ete.
290 1474 346 1554 (ἢ).

252 1579 290 1644 Ut
312 1579 405 1646 liceat
425 1581 590 1648 celebrare
610 1583 641 1647 in
668 1583 748 1647 meri
773 1581 933 1654 indultum
961 1581 995 1648 S.
1022 1582 1187 1648 Pontificio
1262 1601 1263 1674 ᾗ

208 1688 383 1772 requiritur
401 1689 455 1772 (5)

250 1795 313 1860 ΙΙΙ
333 1797 426 1862 Circo
442 1799 547 1862 altore
559 1809 588 1861 ot
604 1817 672 1880 ejus
681 1805 845 1860 ornatum

207 1903 277 1966 l.
294 1904 555 1990 Requiritursub
572 1905 660 1988 gravi
688 1902 787 1967 altare
814 1902 913 1966 fixum
939 1909 994 1965 aut
1020 1871 1182 1988 portatile,

206 2026 428 2076 cotisecratum
443 2026 473 2076 et
486 2032 549 2076 non
564 2023 759 2075 execratum.
862 2025 863 2028 ’

252 2117 287 2179 1⁰
306 2118 491 2203 Requiritut
507 2122 625 2195 ultore,
649 2135 705 2180 seu
723 2114 803 2201 lapis
821 2114 859 2178 ad
878 2099 1071 2180 sacrificium
1101 2117 1187 2180 ordi·

204 2233 319 2296 uatus;
336 2227 504 2309 -fiarttnu
524 2224 610 2308 quod
634 2206 665 2286 in
683 2221 817 2287 ecclesia
850 2218 949 2284 fixum
975 2234 1034 2297 est,
1058 2235 1090 2285 et
1113 2221 1185 2286 basi

203 2343 271 2390 suoe
287 2325 495 2393 immobiliter
508 2321 662 2407 lttltaeret3
682 2365 725 2376 —-
737 2335 792 2392 aut
803 2327 967 2409 portatile,
987 2327 1017 2390 id
1030 2339 1089 2404 est,
1102 2325 1185 2412 lapis

202 2427 423 2515 amplitudinis
447 2431 634 2499 sufficientis
662 2435 701 2498 ad
732 2431 960 2498 continendam
985 2431 1122 2504 hostiam
1153 2446 1185 2496 et

202 2533 359 2621 majorem
380 2537 486 2603 calicis
500 2553 635 2624 partem,
648 2540 703 2624 qui
716 2538 807 2603 laoile
824 2545 929 2624 potest
944 2537 1064 2602 moveri
1079 2536 1183 2602 eloco

200 2643 235 2708 in
250 2643 373 2721 locum,
392 2661 423 2709 et
439 2645 521 2710 solet
537 2647 711 2732 superponi
730 2663 849 2708 monsae
866 2643 904 2707 ad
921 2663 1015 2708 usum
1033 2642 1183 2708 sacrificii
1262 2677 1263 2728 ,

203 2754 409 2813 constructae.

240 2858 283 2922 ⁴2⁰
312 2851 416 2923 Altero
437 2867 677 2922 consecratum:
700 2855 811 2922 Altaris
842 2863 949 2921 autem
980 2855 1183 2920 consecratio
1262 2905 1263 2912 ,

233 3041 267 3106 tt)
282 3042 319 3092 tu
337 3041 501 3093 Innocentius
515 3041 563 3090 tuu
581 3040 607 3090 ln
623 3041 726 3090 constit.
751 3041 899 3102 Apostott'ot'
921 3039 1077 3099 ministerii,
1094 3037 1140 3088 cit.
1156 3037 1183 3088 ia

198 3123 296 3184 encycl.
311 3123 405 3172 Beuett.
415 3123 475 3184 xlv,
491 3123 503 3184 ς
519 3124 545 3171 t.

224 3223 265 3286 pt,
285 3227 311 3274 S·
326 3225 381 3289 Ltg.
397 3239 425 3278 n.
440 3229 491 3277 539
501 3234 528 3277 ot
541 3227 637 3276 Boued.
656 3227 707 3278 tttv
722 3229 753 3278 de
766 3228 860 3290 ramis.
876 3228 939 3277 mis.
960 3225 1006 3275 lib.
1026 3224 1063 3288 ltt,
1079 3237 1138 3288 cap.
1154 3226 1181 3288 o,

200 3317 227 3349 u.
243 3303 281 3352 'ts

231 3387 264 3448 (5]
281 3391 376 3441 ttened.
390 3395 450 3455 xlv,
466 3399 497 3445 de
519 3400 612 3460 coeris.
629 3403 690 3450 mis.
716 3402 766 3465 loc.
782 3402 827 3452 eit.
843 3414 869 3452 u.
885 3399 901 3450 8
916 3405 942 3451 et
957 3398 1181 3462 seq.;et13uttar.

199 3467 261 3510 torn.
277 3467 294 3522 l,
313 3483 338 3516 n.
354 3472 396 3521 tt.
413 3475 475 3536 (Vol.
498 3477 516 3538 l,
531 3492 590 3540 pag.
601 3479 677 3544 223.)
