2572 3802
437 119 640 185 -551-

31 263 181 326 loquimur,
197 273 247 309 non
262 258 393 310 sufficeret
408 257 439 308 ad
454 259 634 309 Paenitentiam
653 256 853 321 suscipiendam,
865 271 955 309 omnes
970 273 1027 322 poe-

30 347 155 396 nitentes
171 343 223 406 jam
247 341 374 391 deberent
398 341 522 390 accedere
538 341 685 404 justificati;
716 354 773 390 crim
799 354 831 390 ex
849 340 925 390 dictis
942 343 1026 392 omnis

32 425 115 476 dolor
140 424 293 484 proveniens
307 434 338 469 ex
358 421 484 469 charitate
500 420 700 483 praedominante
719 428 746 470 et
760 433 838 482 super
857 422 952 480 arnoia,
966 422 1027 472 lieet

30 507 149 558 retulisse
157 513 183 553 et
197 505 279 552 tutinus
289 501 381 560 vivida,
393 503 506 552 retnittat
516 509 648 564 peccatum
658 503 735 552 etiam
744 509 815 552 extra
826 514 1025 556 sacramentum.

77 603 89 631 o
109 585 236 648 objicies:
247 587 372 645 peccator
386 595 442 632 non
455 585 539 644 potest
554 583 590 632 ud
601 584 821 642 Deumconcarti,
836 586 892 634 aiei
904 597 953 646 par
967 587 1029 636 cita-

37 671 159 719 ritatem
175 667 327 729 tenuatam,
342 669 366 715 et
380 666 531 726 aciacum,-
548 667 627 726 etqui
641 666 704 714 tatis
721 667 843 716 charitas
867 680 924 718 non
941 672 976 718 eat
997 671 1028 719 in

37 751 202 806 attritione,
219 750 250 798 de
267 760 321 809 qua
337 748 388 797 liic.

76 850 89 879 o
110 832 203 894 Utique
219 832 339 893 peccator
353 843 405 879 ooo
424 835 511 892 potest
524 829 555 879 ad
571 829 650 879 ileum
666 830 792 889 conuerti,
807 831 856 880 nisi
875 845 920 894 per
938 834 1027 883 chari-

37 920 126 966 tatem
142 913 284 970 formatem,
311 919 337 962 et
367 911 490 964 actualem
509 919 581 961 extra
599 915 876 976 sacrametrtrrn13qrria
902 916 969 964 sicut
983 929 1030 978 per

38 1003 180 1064 peccatum
197 989 296 1044 actuale
311 1003 337 1043 et
352 994 466 1054 lornrale,
483 995 551 1056 quod
566 1003 606 1044 est
626 995 705 1043 ileum
730 1002 906 1057 contemnere,
922 997 1029 1048 luomoa

38 1083 99 1132 Deo
118 1081 174 1140 ipso
189 1078 328 1134 avertitar;
347 1077 382 1125 ita
399 1090 443 1138 per
461 1089 576 1125 amorem
596 1076 727 1125 lormaicrn
752 1085 778 1126 et
800 1079 927 1128 actualem
951 1081 1029 1132 debet

39 1164 75 1214 ad
91 1163 175 1224 ipsum
190 1161 314 1219 conuerti,
325 1161 347 1210 si
362 1161 386 1208 in
402 1159 457 1222 ejus
469 1160 579 1208 amicitia
594 1173 622 1208 se
637 1162 709 1221 cupit
719 1162 831 1210 restitui.
847 1162 896 1211 Sed
909 1162 977 1212 aliud
988 1171 1029 1216 est

40 1248 76 1297 de
90 1252 253 1308 peccatorum
270 1243 422 1292 rietatissioue
437 1243 502 1292 iutra
517 1249 717 1292 sacramentum:
736 1258 793 1292 narn
808 1259 866 1294 cum
882 1259 1030 1296 sacramen-

43 1338 103 1380 tum
123 1328 218 1376 lrabeat
234 1327 351 1374 virtutem
366 1325 468 1374 dolendi
494 1332 635 1386 peccatum,
655 1335 681 1374 et
705 1339 754 1375 ooo
780 1329 861 1389 possit
887 1327 1029 1390 producere

41 1413 115 1461 hunc
133 1408 262 1465 ellectum,
288 1408 336 1457 nisi
359 1421 404 1470 per
421 1407 574 1456 infusionem
597 1409 696 1472 gratiae,
712 1422 768 1472 quae
785 1417 826 1459 cst
841 1414 895 1472 ipsa
910 1411 1024 1460 charitas
1059 1411 1060 1415 ’

43 1492 203 1552 habitualis,
230 1491 323 1540 suflicit
343 1489 374 1538 ad
389 1493 495 1553 gratiam
513 1491 688 1551 obtinendam,
705 1499 732 1540 ut
756 1500 878 1553 peccator
893 1507 938 1555 per
955 1495 1030 1543 attri-

45 1577 149 1627 tionem
163 1573 198 1622 sit
220 1572 360 1634 dispositus
374 1571 406 1620 ad
429 1580 617 1621 sacramentum
641 1575 827 1636 recipiendum,
845 1575 939 1625 virtute
957 1577 1030 1639 cujus

41 1659 126 1711 etiam
141 1657 198 1705 siue
217 1656 341 1704 charitate
356 1654 449 1703 actuali
464 1659 623 1703 convertitur
636 1656 667 1704 ad
683 1657 777 1715 Deum,
793 1657 870 1706 sicuti
889 1671 934 1720 per
944 1659 1033 1708 chari-

42 1750 128 1792 tatem
144 1739 269 1788 actualem
287 1745 481 1788 conuerteretur
495 1737 526 1785 ad
542 1737 620 1786 ileum
636 1745 707 1786 extra
721 1745 919 1789 sacramentum.

83 1839 96 1868 n
114 1823 209 1871 Nonne
223 1819 320 1886 (addes)
340 1822 451 1881 aliquod
464 1821 558 1870 saltem
570 1821 740 1880 principium
750 1821 901 1871 dilectionis
914 1825 1031 1884 requirit

48 1906 244 1957 Tridentinum
258 1905 294 1953 ad
317 1915 422 1953 ontnetn
441 1900 684 1964 justificationem?
697 1905 772 1962 Erae
787 1903 870 1952 ctiam
884 1905 920 1954 ad
934 1907 1031 1956 Poent'-

49 1989 177 2038 tentiam.

85 2087 98 2110 »
117 2068 233 2131 Requirit
247 2069 334 2130 utique
345 2082 351 2127 ;
364 2081 421 2117 cum
438 2067 562 2129 declaret,
579 2067 647 2132 quod
664 2073 813 2129 peccatores
826 2068 891 2118 dum
905 2071 1032 2130 uetusti-

46 2154 205 2216 ttcatt'onem
227 2153 418 2213 disponuntur,
446 2153 531 2200 Deum
559 2155 690 2212 tanquam
708 2153 919 2211 ornaistustittoe
933 2153 1034 2214 sontem

50 2233 166 2292 atttpere
183 2233 338 2292 incipiunt,-
355 2243 387 2280 ec
402 2235 546 2292 propterea
564 2236 707 2281 monentur
724 2232 851 2280 advers-ue
864 2236 972 2294 peccate
981 2245 1032 2294 per

52 2315 150 2365 odium
175 2314 287 2374 aliquod
303 2317 326 2362 el
344 2313 556 2362 detestationem.
583 2313 633 2360 Sed
657 2313 739 2375 quatis
753 2320 794 2362 cst
814 2314 863 2362 iste
882 2314 968 2363 arnor?
983 2329 1033 2364 noo

4 2383 6 2394 ¹
48 2410 114 2448 sane
129 2396 221 2458 aliquis
234 2395 329 2461 gradus
341 2395 474 2444 charitatis
486 2394 604 2456 querleetae
615 2408 660 2443 seu
669 2395 802 2445 eharitatis
814 2397 1031 2460 praedomiuautis,

48 2492 100 2542 qua
117 2478 184 2528 ileos
199 2479 370 2540 superomnia
386 2478 507 2542 diligitur.
519 2478 593 2525 Notat
607 2477 681 2542 Cord.
697 2477 852 2537 Pallavicioi,
867 2461 1036 2543 qooo'eaues

49 2561 131 2622 aliqui
146 2561 344 2618 contendebant,
359 2567 387 2609 ut
402 2561 433 2608 iis
445 2561 529 2609 ueritis
542 2561 652 2620 dillacre
661 2563 807 2622 incipiunt,
819 2563 974 2613 adderentur
984 2564 1038 2615 haec

49 2645 101 2694 alia
113 2657 119 2692 :
133 2657 183 2706 per
196 2648 287 2697 aetam
305 2645 459 2694 charitatis.
477 2643 616 2692 Concilium
642 2650 726 2691 autem
749 2645 845 2693 restitit
865 2654 892 2696 et
906 2647 993 2707 avolarit,
1010 2653 1038 2696 ut

46 2739 101 2775 raon
117 2725 184 2775 aliud
210 2733 359 2788 poneretur,
386 2739 462 2788 quam
487 2725 547 2773 illud
569 2724 680 2784 attinere
702 2725 848 2786 incipiunt.
872 2727 970 2786 Quare?
988 2727 1038 2777 nisi
1074 2771 1076 2776 .

48 2809 111 2871 quia
125 2808 248 2870 iudicavit
261 2809 294 2858 ad
306 2807 515 2871 justificationem
529 2807 554 2854 in
569 2813 730 2854 sacramento
746 2821 795 2854 nou
807 2808 902 2868 requiri
917 2809 1034 2859 altaalta-

51 2897 108 2940 tem
123 2889 266 2950 formalem
283 2892 307 2938 et
321 2889 456 2937 actualem
481 2884 710 2949 praedominantem
729 2892 755 2931 et
778 2898 855 2947 super
871 2888 975 2943 omnim
992 2888 1038 2937 sed

53 2973 175 3023 sufficere
189 2972 300 3034 aliquem
317 2973 384 3034 pium
400 2977 496 3019 motum
512 2966 741 3030 supernaturalem,
757 2981 807 3029 quo
823 2976 943 3028 peccator
956 2970 1039 3020 cilica-

53 3055 123 3105 citer
137 3067 151 3102 a
167 3061 273 3116 peccato
288 3053 413 3102 auertitur
427 3059 454 3102 et
470 3065 529 3100 vere
542 3050 574 3100 ad
590 3050 669 3098 lieom
684 3051 852 3098 convertitur.
874 3051 920 3110 Qui
935 3052 1038 3113 quidem
1124 3097 1127 3102 .

53 3143 142 3186 motus
159 3137 276 3198 prouenit
290 3149 303 3185 a
319 3136 526 3186 consideratione
541 3141 594 3182 tum
609 3131 677 3190 fidei,
694 3145 750 3195 quae
765 3133 844 3181 ttenm
864 3133 970 3182 calcitret
986 3140 1039 3183 tau-

54 3233 132 3283 quam
145 3220 257 3282 judieem
273 3221 370 3281 peceati
387 3219 522 3276 viridiccm,
539 3226 565 3266 ct
580 3222 699 3278 lattqrmm
711 3217 793 3266 ttntttls
806 3217 911 3279 justitiae
921 3216 1037 3276 loutem3

56 3312 111 3353 tum
127 3303 192 3365 spei,
206 3315 262 3365 qun
278 3286 441 3365 peecatorem
457 3303 482 3349 in
495 3302 573 3348 veritae
585 3308 611 3349 et
627 3301 792 3351 lteutitudiuis
805 3308 906 3351 ceteruae
921 3298 1040 3349 litlueiam

55 3386 173 3445 adducit,
191 3386 267 3448 eique
284 3386 363 3434 iterim
377 3384 483 3434 exhibet
505 3391 626 3444 tanquam
644 3383 845 3447 glorificatorem
870 3388 897 3434 et
923 3382 1040 3432 datorem

56 3469 159 3534 proemii
183 3468 343 3519 immortalis.
371 3467 447 3529 atqui
461 3480 576 3516 amorem
590 3467 668 3518 istum
692 3468 717 3518 iu
733 3469 875 3534 attritione,
892 3465 925 3519 de
939 3478 987 3532 qua
1005 3464 1041 3516 lo·

59 3550 174 3616 uprimur,
191 3547 243 3615 jam
261 3550 352 3601 adesse
368 3549 456 3612 utiquc
470 3549 646 3612 supponimus.
922 3539 924 3545 ’

1182 3647 1188 3657 ¹
