2556 3812
573 169 773 234 -ttc-

232 309 349 393 Quoad
373 307 503 396 publici
530 308 692 394 indignus,
722 307 835 397 quales
862 320 950 386 sunt,
978 327 1016 374 es
1042 311 1171 377 [titiant.

185 417 294 494 linem,
314 415 601 494 exeommunicati,
630 415 804 494 interdicti,
832 413 1070 502 manifesteque
1086 417 1173 483 inia-

185 538 268 601 mes,
293 534 329 587 ut
352 521 550 600 meretrices,
572 521 807 600 concubinarii,
827 519 1049 599 loeueratnres,
1068 525 1170 608 magi,

186 627 342 714 sortilegi,
362 628 556 716 blasphemi,
580 641 611 695 et
631 617 685 696 alii
703 628 773 716 ejus
793 629 921 713 generis
943 629 1065 715 publici
1093 651 1171 716 pec-

187 746 324 812 catores,
340 755 429 802 saera
455 736 642 802 cummunio
663 735 739 823 ipsis
756 735 948 818 deneganda
966 745 1027 813 est,
1048 735 1110 801 nisi
1128 738 1171 802 de

187 859 302 906 eurum
318 841 504 928 poeuitenlid
532 852 564 908 et
588 841 815 908 emendatione
842 853 980 919 constet,
998 854 1029 906 ct
1045 842 1088 907 de
1110 861 1171 928 ptr·

186 945 273 1012 bliea
289 947 442 1014 scandalo
458 949 682 1016 satisfecerint.
696 949 745 1016 lle
771 947 834 1026 bis,
863 947 946 1014 sieut
958 948 1003 1013 ‘dc
1024 962 1173 1036 peccato·

185 1053 277 1120 ribus
290 1054 438 1136 ucetrltis,
450 1055 516 1122 vid.
531 1053 682 1144 quaejam
695 1055 834 1120 diximus
845 1051 902 1120 ubi
918 1055 957 1119 de
968 1053 1121 1121 Sacrum.
1135 1057 1170 1121 t'a

185 1180 302 1245 peracre
312 1159 371 1242 (li

554 1279 743 1380 sustentus
770 1329 808 1380 ll.

426 1479 470 1536 ne
482 1479 591 1549 legibus
604 1480 773 1551 specialibus
789 1480 928 1550 subjecto.

231 1626 349 1698 Fidelis
361 1641 408 1696 est
417 1627 601 1716 subjectum
611 1630 821 1700 Eucharistiae
834 1631 848 1697 l
854 1645 870 1678 ⁰
882 1633 1172 1720 quateabssaerili·

188 1737 241 1822 cii,
259 1737 297 1808 2⁰
313 1739 474 1826 quatenus
489 1737 694 1804 sacrementi.
714 1738 819 1818 Unde,

536 1939 537 1944 κ
591 1891 762 1960 Puscmul.
843 1935 845 1940 -
890 1921 892 1926 ·

238 2050 281 2090 m
294 2043 503 2100 abbuuwnm
510 2005 920 2159 afflectlezztlsucbutstlm
928 2047 1064 2098 maenus
1073 2051 1117 2090 eat

592 2125 639 2158 sae
711 2123 767 2157 um.

231 2240 382 2326 Spectant
396 2232 433 2306 l⁰
447 2241 488 2324 ad
505 2241 732 2322 assistentiam,
750 2241 788 2308 2⁰
805 2241 846 2308 utl
863 2241 998 2308 mudum
1019 2241 1169 2309 essisteu·

186 2343 253 2408 tire.
449 2355 450 2360 ’

411 2491 415 2497 ’
437 2487 452 2552 5
468 2488 488 2538 l.
503 2515 538 2528 -
551 2489 588 2540 lle
601 2456 760 2555 obligallone
772 2487 922 2541 assistendi.
935 2540 938 2548 ,

235 2599 497 2685 Quilibet'lidelis
508 2603 700 2693 juredivino
714 2619 840 2672 tenetur
850 2593 913 2672 sub
926 2606 1014 2690 gravi
1027 2605 1169 2696 aliquan-

188 2707 233 2774 dd
247 2709 362 2776 adesse
370 2713 526 2779 sacrificio
543 2711 659 2782 blissae.
908 2801 911 2806 .
1125 2789 1127 2792 ,

234 2817 334 2885 Prot».
355 2818 500 2900 Quilibet
513 2817 621 2886 tidelis
633 2819 704 2903 lege
728 2817 835 2886 diuina
853 2831 980 2894 tenetur
992 2817 1170 2906 aliquamlb

190 2917 304 2986 adesse
320 2921 477 2988 sacrificiu
494 2923 622 2990 blissee:
643 2925 722 2990 Nam
741 2925 776 2989 l⁰
799 2924 922 2989 oblatio
937 2925 1040 2991 ttissae
1056 2926 1168 3011 praeci-

190 3020 276 3107 pitur
290 3027 532 3108 sacerdotibus3
551 3047 628 3113 ergo
647 3029 832 3116 praecipitur
848 3028 1008 3116 Ecclesiae,
1028 3033 1103 3095 ei1m
1119 3051 1169 3094 sa-

190 3127 305 3192 cerdos
326 3129 366 3194 sit
393 3153 530 3218 persona
555 3135 681 3200 socialis
705 3133 879 3200 Ecclesiam
910 3149 1167 3222 repcoesentaus;

190 3247 267 3309 eruc
283 3234 625 3320 proeeipiturbeclesioe
636 3241 804 3321 membris,
817 3241 1052 3310 seutiuettbus.
1069 3241 1170 3312 Petro

225 3433 599 3538 tfflmmum..
