2550 3810
504 115 685 186 ...31-

95 272 168 322 nem
183 262 413 324 mneessnrun'r
431 261 507 322 rere
518 257 663 344 quidem,
678 257 735 324 sed
749 279 812 326 non
825 261 943 336 raritati
962 281 1076 334 earum

94 361 193 435 inodo
215 363 492 443 mandueoudanr;
516 365 566 430 rei
582 365 726 435 indieare
738 366 839 433 vehit
855 371 1076 438 marrdueotio-

94 489 168 534 nem
183 469 289 536 earnis
312 471 380 536 suris
403 470 551 538 inutilem
574 470 643 536 iore
657 473 695 538 iis
712 474 767 560 qui
784 475 896 562 spiritu
911 496 976 542 nora
994 479 1072 545 riri·
1170 513 1173 518 ·

93 575 242 654 beantur,
256 595 315 643 seu
327 576 386 663 qui
397 577 562 664 privantur
579 587 610 644 et
627 579 694 645 fide
707 593 737 645 et
754 581 921 650 otiositate.
1007 617 1011 625 ·

135 681 182 748 hd
196 681 266 748 2¹¹³.
283 682 424 766 Quidam
442 685 550 752 Patres
569 685 720 771 equidem
733 700 838 752 taeent
852 688 894 753 de
905 709 1000 754 sensu
1019 701 1076 756 tra·

19 831 20 834 ,
93 785 189 852 turali
205 786 448 874 promissionis;
472 787 530 854 sed
546 809 624 854 eum
640 809 705 854 non
729 789 917 856 exeirrdunt.
936 791 1076 860 ursinae
1136 816 1139 827 ¹

92 911 205 959 eorum
226 891 449 980 interpretatio
475 913 539 958 non
556 894 746 959 contradicit
761 895 1016 982 interpretationi
1040 919 1075 962 a·
1135 907 1138 911 “

90 997 209 1065 harum
232 999 374 1078 Patriam,
389 998 445 1086 qui
461 1019 593 1066 sensuro
611 999 790 1066 naturalem
806 1014 983 1089 exponunt.
1071 1043 1073 1046 -

137 1103 245 1188 otjtc.
259 1104 297 1169 2⁰
308 1103 411 1174 Verba
425 1104 634 1172 institutionis
645 1127 709 1170 non
722 1106 1074 1195 prohontpraesentiam

91 1211 228 1279 realem.
243 1211 411 1299 Siquidem
428 1212 459 1278 i.
483 1213 515 1279 in
530 1213 641 1282 mutus
661 1213 834 1306 Seriptnrae
849 1216 989 1283 textibus
1008 1234 1076 1282 ver·

89 1318 167 1386 bum
182 1316 420 1384 substantivum
435 1339 503 1385 erse
514 1333 756 1408 usurpaturpre
768 1321 1073 1410 verbosiqaifieare,

88 1435 343 1512 rrpraerenture;
370 1426 557 1492 indeverho
588 1427 705 1493 Christi
732 1429 764 1495 in
792 1429 993 1497 institutione
1017 1429 1077 1496 Eu·

88 1532 251 1599 eharistiae
268 1548 325 1622 per
342 1531 412 1599 haee
424 1533 520 1600 rerba
538 1535 617 1600 serti
632 1545 785 1622 possunt:
809 1537 869 1602 boe
885 1537 1002 1618 (idest,
1021 1555 1076 1624 pa·

90 1639 321 1726 nisisipaificot
337 1651 393 1704 unt
408 1641 619 1725 representet
630 1663 750 1728 eorpus
768 1665 885 1708 suornm
905 1644 937 1708 9:
953 1645 989 1708 lu
1016 1643 1075 1708 istd

87 1743 310 1834 propositione
323 1745 382 1810 hoe
398 1756 571 1831 esteerpars
586 1755 713 1825 oneum,
732 1767 912 1834 pronomen
933 1749 992 1814 hoe
1018 1763 1074 1834 pn-

90 1871 164 1918 nenr
183 1851 373 1935 designabat
385 1873 394 1930 3
407 1873 517 1939 porro,
535 1857 610 1918 eum
623 1854 786 1942 pabisnon
801 1853 900 1940 possit
915 1871 986 1918 esse
1003 1869 1075 1918 eor·

20 2035 21 2038 ¹
90 1977 148 2046 pus
160 1956 293 2037 Christi,
307 1955 378 2044 ejus
396 1959 518 2024 tarrtirtn
537 1957 640 2041 figura
654 1969 714 2024 est.
730 1957 764 2022 5.
775 1957 1074 2042 ·Esarrgeiistaennr·

90 2073 161 2130 rant
178 2061 343 2130 Christum
360 2084 479 2151 ponem·
496 2063 672 2152 aeeepis'se,
697 2061 912 2139 benedixisse,
940 2061 1074 2148 fregisse

90 2171 286 2257 dedisseque
298 2169 464 2258 discipulis
481 2169 568 2250 suis3
588 2189 666 2254 ergo
686 2169 835 2258 diseipuii
852 2185 969 2260 ponetn
986 2189 1074 2236 man·

69 2328 72 2334 ,
91 2277 304 2358 deraserunt,
323 2297 387 2342 non
405 2284 482 2342 reru
496 2296 613 2365 eorpus
631 2276 761 2344 Christis

133 2385 233 2470 Hesp.
245 2383 276 2450 in
293 2403 426 2469 genere.
442 2383 686 2452 Ereiesioverha
705 2381 910 2451 institutionis
927 2384 959 2451 in
976 2402 1076 2452 sensu

92 2489 232 2556 naturali
248 2489 452 2577 interpretato
466 2497 526 2556 est.
546 2489 629 2575 Ergo
645 2488 840 2578 rejiciendus
867 2511 982 2558 sensus
1004 2513 1074 2558 me-

93 2595 292 2686 taphoricos,
306 2595 368 2662 nisi
383 2595 602 2683 interpretatio
619 2598 738 2684 privato
758 2597 932 2684 Scripturoe
957 2617 1075 2683 proera

93 2698 161 2772 lere
178 2700 295 2768 debeat
309 2689 564 2788 interpretationi
578 2714 611 2767 et
625 2701 781 2770 decisioni
798 2699 960 2772 Ecclesiae,
974 2702 1074 2766 Porro

20 2793 21 2796 ¹
93 2803 359 2886 boeialsumest,
374 2818 408 2871 ut
425 2803 755 2892 probavimusque
776 2803 935 2870 Eeeiesid.
1145 2805 1148 2808 ’

138 2909 175 2975 ln
186 2910 306 2998 speeie,
319 2910 359 2978 ad
374 2911 439 2978 1⁰¹⁰.
455 2910 597 2978 Vertturn
611 2911 846 2977 substantivum
865 2927 932 2976 erre
945 2927 1074 2996 nonpo-
1141 2959 1144 2962 -

95 3023 156 3080 test
172 3015 320 3104 aremari
336 3013 507 3103 proverbe
529 3018 727 3104 sipaifieare,
750 3025 995 3100 representare,
1011 3014 1074 3107 nisi

94 3119 148 3188 hie
164 3141 277 3190 sensus
289 3120 522 3188 determinetur
532 3141 569 3187 ex
580 3127 693 3188 natura
702 3121 760 3200 rei,
770 3141 806 3187 ex
818 3140 879 3187 asu
893 3121 1071 3202 communi,

96 3247 133 3292 es
150 3227 348 3297 institutione
375 3228 508 3315 positiva
534 3228 714 3316 loquentis,
741 3249 779 3294 ex
807 3227 1074 3297 antecedentibus

97 3347 152 3399 aut
167 3335 453 3422 consequentibus.
473 3335 572 3402 Porro
589 3336 621 3402 in
645 3344 732 3404 textu
759 3332 966 3400 institutionis
993 3331 1073 3400 nihii
1150 3327 1153 3334 ’

98 3435 306 3506 heremiaret
322 3438 575 3526 interpretationi
587 3451 870 3537 novatorumsnon
886 3449 1000 3506 natura
1010 3437 1071 3518 rei,
