2556 3812
501 204 546 214 -
571 167 628 232 ror
656 205 701 218 .-

119 305 255 371 rnbrieae
273 303 445 390 prohibent
473 307 587 371 missas
611 308 743 384 retinas,
771 307 801 370 in
820 326 854 372 se
868 309 992 376 reniale
1021 319 1088 376 est:

118 413 181 475 into
198 411 292 474 etiarn
310 430 418 492 grave,
438 411 535 475 sitiat
556 413 587 476 in
610 413 697 477 iestis
721 411 921 478 solemnibus
941 415 973 478 in
994 415 1091 480 rniss'a

118 513 257 600 pontica,
292 520 468 597 praesertim
502 516 527 579 si
554 516 621 580 istis
648 516 763 580 diebus
785 517 910 581 dicatur
932 518 1028 583 inissa
1053 522 1092 584 de
1126 573 1128 578 ,

116 621 265 704 Reqrrr'errr
288 621 343 698 (i).
754 637 756 642 ’

162 729 199 791 5⁰
221 713 334 792 Dicere
354 728 514 792 submissa
530 749 607 792 voee
624 749 697 812 qnae
727 742 802 792 sont
832 729 896 793 alte
917 731 1091 808 recitanda,

117 832 191 896 i-tern
205 841 235 894 et
248 829 308 892 alte
320 830 463 916 proferre
480 852 552 914 qnae
563 844 636 894 sunt
646 830 805 894 autnmisse
815 831 963 909 dicenda,
978 833 1090 898 saitern

114 937 238 1002 reniale
255 945 314 1000 est.
335 937 425 1001 Juxta
444 937 596 1022 plnres,a
617 936 742 1000 mortali
755 957 818 1000 non
836 947 1006 1003 excusatur
1022 961 1092 1025 pro·

113 1043 317 1110 serens-elata
328 1064 405 1109 voee
415 1044 509 1108 verba
531 1044 780 1108 consecrationis
793 1057 847 1108 aut
860 1064 1009 1126 magnam
1023 1067 1092 1131 par-

113 1163 176 1214 tenr
202 1149 345 1214 canonis.
365 1149 420 1212 Atii
453 1157 530 1214 vero
554 1171 627 1214 eum
657 1151 689 1214 S.
715 1151 782 1232 Lig.
798 1171 862 1214 non
892 1151 1092 1238 improbabi·

113 1255 185 1321 liter
208 1269 335 1338 negant,
357 1256 416 1318 nisi
436 1255 466 1318 in
493 1253 680 1340 l‘rujusnrotii
706 1257 821 1338 agendi
849 1257 971 1322 ratione
988 1259 1092 1323 vitien-

111 1371 162 1426 tur
188 1383 284 1444 grave
321 1361 535 1439 scandalum,
565 1371 596 1426 et
619 1376 823 1449 contemptus
852 1363 1026 1429 verberum
1060 1378 1092 1430 et

115 1469 268 1549 ritrisffl).
461 1548 464 1553 Ι
737 1539 740 1543 ,

152 1576 213 1638 lll.
235 1573 326 1637 Missa
349 1572 540 1637 celebranda
559 1587 606 1637 est
619 1575 758 1657 intenae:
778 1575 815 1639 io·
828 1584 887 1652 est,

153 1683 190 1745 1⁰
214 1680 407 1746 Prohibetur
432 1679 492 1744 snb
514 1681 600 1762 gravi
619 1695 674 1744 aut
691 1681 751 1744 sub
769 1681 842 1758 levi,
863 1703 921 1766 pro
938 1680 1092 1763 gravitate

111 1789 269 1868 materiae,
284 1788 406 1874 aliquid
436 1789 583 1852 omittere
601 1809 714 1852 eorunr
733 1809 806 1872 quae
819 1789 954 1852 dicenda
969 1803 1023 1852 aut
1045 1789 1091 1852 ia-

110 1895 225 1960 cienda
243 1904 328 1960 sunt.
361 1897 458 1960 Porro
490 1895 520 1958 1.
540 1893 782 1974 distinguuntur
802 1893 834 1956 in
860 1893 957 1957 missa
986 1900 1091 1977 partes

111 1998 285 2064 ordinariae
303 2006 333 2062 et
346 1997 617 2062 extraordinariae.
631 1997 737 2061 Partes
749 1996 927 2060 ordinariae
939 2003 1092 2060 vocantur

111 2127 147 2169 ea
165 2125 240 2190 quae
261 2125 389 2190 semper
414 2104 564 2167 dieantur
582 2101 631 2166 vel
656 2109 807 2184 aguntur,
833 2123 863 2166 v.
885 2122 917 2186 g
940 2099 1088 2198 epistola,

110 2208 327 2291 evangelium,
351 2209 482 2288 oblatio,
503 2209 613 2274 fractio
638 2208 763 2285 hostire,
795 2216 870 2285 ete.;
895 2216 999 2295 partes
1015 2213 1092 2272 vero

110 2318 397 2391 extraordinariae,
414 2337 538 2401 eaquae
567 2336 630 2380 non
649 2316 680 2380 in
705 2317 793 2380 omni
811 2317 1089 2392 annonantur,

109 2443 140 2486 v.
159 2443 193 2506 g.
222 2423 348 2502 Glorior,
369 2423 483 2498 Credo,
499 2423 678 2506 sequentia.
698 2423 731 2486 2.
752 2421 974 2489 Commoniter
996 2441 1093 2508 repn-

108 2531 309 2613 taturgravis
326 2531 456 2596 omissio
472 2529 607 2616 alicujus
625 2529 722 2618 partis
735 2531 907 2595 ordinariae
921 2553 929 2607 ;
945 2529 1005 2596 nisi
1016 2529 1094 2593 levi·

108 2649 156 2706 tas
185 2641 327 2706 materiae
343 2633 495 2717 'excuset
514 2662 544 2706 v.
563 2661 595 2724 g.
615 2642 641 2704 si
662 2642 825 2706 omittatur
841 2642 942 2724 Kyrie
960 2639 1090 2718 eleison,

110 2767 174 2812 nna
190 2747 335 2824 collecta,
352 2767 413 2811 nna
427 2745 475 2811 vei
489 2746 587 2811 altera
600 2767 676 2810 crux
694 2767 791 2832 super
804 2745 922 2810 oblata.
935 2744 1024 2807 Levis
1036 2765 1093 2808 au-

108 2860 173 2916 tern
191 2853 497 2938 reputaturornissio
516 2853 610 2916 unius
629 2851 726 2936 partis
737 2849 1009 2924 extraordinariae,
1032 2849 1093 2913 nisi

107 2965 155 3021 tot
171 2957 237 3021 sint
252 2958 454 3034 omissiones,
477 2978 549 3042 quae
568 2956 665 3022 sirnul
685 2964 822 3044 surnptae
838 2953 1012 3019 notabilem
1030 2969 1094 3020 tna·

109 3063 227 3126 teriam
243 3064 476 3128 constituerent
493 3062 548 3143 (ὅ).

142 3241 179 3303 (t)
196 3239 261 3290 lbid.
278 3256 304 3291 n.
320 3242 369 3291 tt'i
385 3247 411 3291 et
429 3254 486 3304 seq.

141 3332 180 3396 (ἑ)
196 3332 222 3381 S.
239 3333 295 3398 Lig.
309 3348 336 3384 n.
351 3334 401 3384 tro
416 3338 504 3383 eontra
519 3333 636 3393 Gaiano,
656 3331 753 3395 Quarti,
769 3339 820 3382 ete.

142 3425 179 3486 (5)
199 3425 256 3476 vid.
272 3425 321 3476 ins.
337 3426 363 3476 S.
380 3425 434 3488 Lig.
451 3438 476 3473 n.
494 3424 544 3473 403
561 3430 587 3473 et
601 3436 669 3486 seq„
685 3431 712 3474 et
728 3425 849 3495 Apporto
869 3423 888 3472 ’3
909 3421 941 3471 ad
955 3423 1036 3472 Hom.
1047 3433 1093 3484 ap.

106 3517 140 3552 n.
156 3501 218 3553 t25.
234 3506 268 3556 lta
282 3517 388 3560 canone
406 3506 505 3568 aretem,
518 3503 553 3551 ait
567 3503 592 3552 S.
604 3501 660 3568 Ltg.
675 3517 702 3553 n.
714 3504 775 3572 405,
792 3499 906 3554 mortale
921 3505 957 3553 est
975 3503 1095 3552 omittere
