2556 3812
104 277 222 354 dentes
234 309 243 366 ;
255 291 288 354 et
303 283 525 375 acquisitionis
541 288 655 376 gloriae
671 272 863 371 essentialis,
881 298 946 380 qut
963 290 995 362 in
1008 293 1090 362 coeio
1201 368 1203 372 .

100 394 175 483 jam
191 393 358 461 lrnuntnr.
640 415 643 421 ·

38 585 45 594 ι
152 502 192 566 2⁰
208 499 366 592 Applicari
383 513 519 590 possunt
532 500 564 569 i.
583 503 616 568 in
633 523 673 569 eo
685 521 782 570 senso
794 503 882 591 quon
895 505 1090 574 sucrificium

105 607 218 674 ulier-ri
245 615 350 696 potest
370 608 402 674 in
429 609 620 676 memoriam
637 619 834 688 sanctorum,
856 623 889 678 et
911 615 1089 698 gratiarum
1162 659 1165 664 -

104 714 252 781 actiones
266 735 326 803 pro
351 715 517 782 benefieiis
541 715 618 804 ipsis
642 716 779 784 collatis.
810 716 940 786 Constat
961 740 999 786 ex
1017 721 1090 788 oue
1142 731 1144 736 '

104 820 193 888 uina
206 819 339 890 Caruilii
354 821 446 888 Trid.
463 843 543 888 sess.
558 821 615 902 Ἠ,
634 842 706 912 esp.
718 817 752 904 3,
764 825 854 913 juxta
871 842 969 913 quam
987 825 1090 894 Eccle-
1133 875 1136 881 ι

105 929 154 995 sia
171 927 366 995 sacrificium
383 927 475 996 offert
495 931 564 996 Deo
576 931 654 1010 soli,
675 930 732 1016 qni
754 932 828 998 illos
845 931 1093 1015 (sanctosicoro

105 1035 261 1114 nevit...‚
278 1035 458 1102 cleillornm
474 1035 620 1101 victoriis
635 1037 763 1122 pretias
777 1057 891 1124 nemo,
909 1059 1021 1106 eornm
1033 1061 1093 1128 pn·

108 1142 251 1207 trorinin
263 1141 431 1226 implorat,
448 1153 483 1207 ut
492 1143 627 1228 iptipro
641 1143 735 1210 nolis
750 1145 947 1214 intercedere
958 1149 1094 1234 dipacat-

107 1259 162 1318 tttr·
179 1269 317 1334 qnorum
332 1250 523 1314 ramnericus
535 1251 676 1335 summus
692 1252 738 1317 'in
758 1253 866 1320 terris.
884 1253 919 1320 2.
935 1252 1096 1343 Applieari
1120 1281 1122 1283 ·

107 1367 246 1444 possunt
263 1353 303 1422 ad
324 1354 535 1422 obtinendam
553 1356 671 1424 sanetis
686 1357 822 1442 gloriam
843 1361 1093 1444 accidentalem,

107 1458 232 1526 seilicet
246 1470 283 1522 ut
298 1457 472 1545 perfectius
489 1459 744 1528 honumlieeotur
761 1461 802 1527 ab
820 1461 1021 1532 hominibus.

154 1562 353 1630 Notandum.
374 1561 472 1642 Licet,
496 1577 613 1651 praeter
628 1583 722 1631 casus
744 1567 941 1648 enuntiator,
961 1565 1090 1636 saarim·

107 1669 197 1734 cium
225 1668 325 1764 possit
348 1667 379 1732 in
397 1687 518 1752 genere
537 1667 648 1738 offerri
664 1677 729 1736 mm
746 1693 805 1758 pro
823 1672 901 1740 uitis
918 1678 1015 1760 qnam
1033 1695 1092 1764 pro

108 1773 284 1848 defunctis,
302 1785 441 1841 attamen
458 1775 586 1860 legions
604 1775 829 1844 ecciesiasticis
846 1779 1039 1866 prohibetur
1050 1802 1095 1848 ne

108 1879 251 1969 pubiieae
267 1879 345 1946 stum
371 1899 483 1967 preces
508 1895 539 1948 et
562 1881 756 1948 sacr-fficium
785 1884 917 1950 nomine
942 1883 1093 1950 Ecclesiae
1159 1920 1163 1926 1

109 1988 277 2067 offeratur,
289 2006 348 2074 pro
363 1987 562 2068 infidelibus,
581 2009 640 2077 pra
655 1987 814 2056 haereticis
827 2009 867 2056 ae
880 1989 1092 2056 schismaticis

109 2093 250 2184 publicis
260 2093 339 2160 ‘ieet
355 2094 503 2162 nondum
519 2094 739 2176 denuntiatis,
755 2115 814 2183 pro
829 2095 1091 2163 excommunica*

109 2202 151 2267 tis
168 2199 320 2280 vitandis,
338 2201 405 2269 sive
423 2201 644 2290 praelietisiut
659 2201 734 2282 viui,
757 2202 824 2270 sire
849 2201 1012 2283 deiuncti3
1027 2223 1090 2292 pro

109 2309 150 2398 iis
162 2307 219 2394 qni
235 2307 359 2395 seipsos
381 2308 580 2386 oeciderunt,
598 2327 657 2396 pre
674 2309 712 2374 iis
728 2307 784 2396 qui
801 2308 968 2397 privantur
982 2310 1092 2398 sepo}-

109 2422 185 2482 turt
215 2413 450 2482 ecclesiastiea:
473 2415 698 2505 probabiliter,
714 2415 806 2504 juxte
830 2417 865 2485 S.
887 2417 956 2504 lig.
978 2417 1002 2484 l.
1024 2417 1088 2498 vlt,

111 2546 147 2590 n.
165 2516 300 2601 tunae
316 2521 438 2610 plnres,
463 2522 533 2589 hoee
557 2523 732 2610 prohibitio
754 2545 820 2591 nun
843 2525 1027 2593 extenditur
1049 2525 1091 2590 ad

111 2628 408 2697 exeenrnnunieatos
425 2630 589 2698 toleratos.
611 2668 654 2682 -
672 2631 772 2716 Leges
796 2644 904 2698 antero
927 2631 1092 2698 canonicos

111 2754 179 2802 non
195 2734 492 2821 vetantqnominits
516 2734 647 2824 priuatae
663 2753 721 2824 pro
743 2733 894 2804 omnibns
920 2734 1092 2823 praecitatis
1191 2789 1194 2792 .

111 2841 192 2908 fiant
216 2861 339 2928 preces,
359 2843 474 2930 etipsa
491 2843 693 2912 sacrificandi
713 2841 809 2922 notia,
828 2845 924 2930 proiit
941 2845 958 2908 i
975 2841 1091 2908 merito

110 2946 235 3034 privato
252 2945 428 3012 sacerdotis
441 2947 574 3036 penda,
595 2967 652 3034 per
667 2945 804 3012 matium
815 2944 959 3032 suffragii
976 2943 1092 3012 offera-

109 3065 165 3118 tur
175 3073 233 3139 pro
244 3052 397 3120 omnibns
407 3053 570 3139 ingruere
584 3051 768 3120 christianis
784 3071 924 3141 quornm
942 3051 1092 3140 reproba-

110 3159 156 3225 tio
174 3179 238 3224 non
257 3165 304 3226 est
316 3167 414 3239 certa,
434 3173 470 3226 nt
486 3159 572 3248 apud
585 3159 691 3226 licum
707 3157 915 3246 adjuventur,
942 3159 968 3226 si
986 3158 1093 3248 reipst

109 3264 236 3354 possint
247 3264 405 3353 adjuvari.
418 3267 466 3333 De
479 3265 529 3333 his
548 3265 653 3340 insilrs
673 3274 787 3351 agetur
799 3265 856 3332 ubi
871 3267 911 3332 tle
925 3268 1089 3333 Censoris.

158 3371 284 3467 Quaest.
304 3373 352 3440 5⁸.
375 3375 542 3457 Quomodo
566 3375 771 3460 applicentur
786 3375 913 3459 effertus
939 3374 1092 3462 sacrificii

109 3479 350 3561 Enclnr'wloe?
741 3509 746 3516 ·
1087 3499 1091 3508 ·
