2556 3812
554 137 600 154 --
627 101 689 170 iSi
712 137 755 152 -·

83 279 87 288 ·
172 243 398 334 repositorium
426 241 636 330 reiiqaiarum
659 242 747 330 quod
785 241 990 326 sepulchrum
1019 242 1147 310 dicitur.
1259 223 1260 226 Ἴ

172 350 287 418 Deleta
303 347 474 437 episcopali
499 349 603 432 sigillo
626 347 790 436 hispanica
816 353 889 414 cert
911 357 1010 435 super
1041 350 1152 435 sepul·
1259 421 1260 424 Ἴ

172 458 285 524 chrum
303 457 472 544 impressu,
497 455 767 522 altarenora'ncn
794 454 952 538 indigeret
981 475 1152 529 consecra·

171 564 271 642 tinne,
299 563 360 629 nisi
374 563 414 627 dc
433 561 598 626 identitate
620 575 651 627 et
673 560 914 630 authenticitate
938 561 1151 647 reliquiarum
1258 551 1260 558 ⁴

172 683 318 736 constare
331 691 395 734 non
411 679 519 755 posset
536 669 592 749 (i).

216 776 289 842 Not.
312 803 325 832 ι
345 775 378 840 Si
391 773 452 840 snb
476 773 580 850 altari,
604 772 653 838 vel
673 771 735 838 sub
752 765 822 859 ejus
836 772 1003 858 gradibus,
1018 771 1152 840 humata

171 883 235 949 sint
256 881 481 947 defunctorum
508 880 675 958 cadavera,
703 899 768 944 non
794 879 931 944 estillic
956 879 1152 946 celebranda

171 989 280 1066 missa,
299 988 402 1053 donec
421 987 484 1051 aiio
499 985 746 1052 transferantur.
767 1011 780 1042 ι
813 985 858 1050 lta
883 986 917 1051 S.
938 984 974 1050 C'.
1002 985 1044 1049 to
1073 1007 1150 1052 nov.

173 1093 271 1173 tosa,
299 1107 330 1160 et
355 1099 467 1180 postet
498 1092 618 1181 pluries
645 1093 678 1158 S.
705 1093 741 1157 B.
762 1090 798 1156 C.
829 1091 950 1178 Excipit
977 1105 1085 1158 tamen
1115 1093 1150 1158 S.

171 1201 239 1285 Lig.
265 1221 338 1265 cunr
365 1199 506 1274 Lucceius,
526 1198 551 1262 si
569 1198 723 1262 cadavera
749 1197 812 1262 sint
840 1197 970 1262 humata
990 1196 1153 1287 profunde

172 1307 203 1370 in
221 1305 299 1371 celia
317 1303 423 1388 aliquit
439 1303 499 1368 sub
514 1303 578 1368 aito
596 1304 716 1368 fornice
734 1310 918 1369 constructa
931 1304 988 1384 (it.

215 1410 252 1474 ΙΙ.
272 1409 455 1494 Requiritur
472 1409 646 1487 ordinarie,
662 1411 722 1475 sub
740 1409 867 1486 venisti,
886 1408 1071 1486 crucifixus,
1085 1429 1151 1474 non

171 1525 237 1593 scia
251 1546 390 1590 crux.--
398 1523 465 1588 Non
483 1518 600 1588 sufficit
616 1525 683 1590 scia
703 1547 800 1592 crux:
824 1534 946 1590 constat
962 1547 1000 1592 ex
1025 1525 1148 1592 Benaci.

173 1630 257 1708 XlV,
276 1627 403 1692 constit.
427 1626 631 1710 Accepimus.
649 1629 692 1692 Ex-
712 1629 826 1692 eodem
853 1627 1018 1704 Porrttuee,
1046 1629 1152 1694 cruci-

171 1737 252 1802 finus
265 1733 550 1800 intercandeiabra
567 1732 606 1797 ita
621 1735 805 1820 prominere
823 1733 932 1811 debet,
952 1743 986 1798 ut
996 1735 1150 1801 sacerdos

170 1841 337 1909 celebrans
355 1853 385 1906 et
403 1840 542 1927 populus
559 1841 709 1908 assistens
727 1861 801 1906 eum
815 1839 954 1906 sceiieet
976 1843 1151 1906 commode

169 1947 288 2014 intueri
315 1949 448 2034 possint.
477 1947 615 2012 Proinde
639 1968 697 2012 nec
715 1945 833 2010 sufficit
858 1945 992 2030 exiguus
1018 1947 1150 2013 crucifi·

152 2049 449 2120 -xustnbertracuio
467 2053 729 2142 infixus-Crux
747 2052 923 2137 requiritur
940 2057 1063 2118 tantum
1086 2053 1149 2118 sub

166 2161 303 2224 vetriaii:
323 2157 364 2223 ita
381 2159 415 2223 S.
431 2159 501 2242 Lip.
514 2182 547 2224 n.
568 2143 645 2236 595,
658 2179 738 2223 ,cttrn
753 2158 989 2223 communi*-
1001 2157 1149 2226 Dicimus

169 2265 353 2328 ordinarie:
374 2261 540 2348 Siquidem
557 2265 588 2329 1.
613 2266 644 2332 in
662 2253 737 2330 casu
760 2264 956 2354 necessitatis
973 2263 1047 2330 licet
1062 2267 1149 2332 ceie-

170 2369 264 2432 brare
282 2388 356 2432 cum
372 2367 452 2444 soii,
476 2365 541 2442 ino
565 2370 688 2456 absque
705 2371 768 2436 utta
787 2390 903 2447 cruee;
922 2371 955 2437 2.
974 2371 1149 2438 crucifixus

111 2529 125 2548 „
168 2471 233 2537 non
251 2469 435 2557 requiritur,
455 2475 526 2541 siin
549 2474 661 2564 majori
675 2474 783 2540 tabula
801 2476 908 2541 aitaris
927 2477 1010 2542 adsit
1026 2496 1145 2562 magna

168 2577 291 2669 pictura
318 2587 373 2644 aut
401 2594 504 2647 statutt
522 2567 705 2646 ‘Salvatori's
734 2589 751 2646 a
779 2603 874 2647 cruce
897 2577 1085 2668 pendentis3
1109 2581 1145 2648 3.

31 2729 44 2743 .
105 2716 108 2722 ·
169 2687 300 2772 qnando
325 2697 452 2752 sacrum
480 2687 643 2774 peragitur
659 2685 690 2751 in
709 2686 800 2751 altari
821 2686 852 2752 in
870 2707 935 2772 quo
953 2686 1009 2752 SS.
1032 2687 1147 2752 Sacra·

168 2797 313 2856 mentum
327 2791 506 2878 expositum
525 2797 584 2868 est,
605 2790 761 2855 servanda
778 2797 825 2855 est
841 2789 987 2856 locorum
1006 2809 1146 2856 consue-

142 3083 144 3090 γ
200 3021 235 3086 (1)
253 3025 289 3074 De
311 3025 352 3075 his
366 3025 485 3076 cmrtitius
499 3033 644 3098 constater
659 3027 736 3078 variis
749 3026 889 3092 locis'juris
912 3025 1036 3086 canonici,
1053 3025 1139 3088 pluri-

164 3101 264 3165 busque
282 3105 498 3158 declarationibus
511 3110 538 3158 S.
557 3109 587 3160 B.
603 3111 630 3160 C.
642 3106 698 3160 vid.
714 3123 756 3172 cp.
771 3111 827 3169 cit.;
843 3109 983 3170 praesertin
998 3108 1083 3172 quoad
1097 3107 1149 3158 de-

115 3211 117 3216 ·
166 3187 237 3229 0¹2¹ss
259 3183 286 3229 S·
310 3182 341 3240 ,R-
367 3186 406 3244 G.,
429 3186 465 3236 Ite
479 3187 568 3247 Herdt,
583 3200 652 3245 socr.
676 3185 879 3250 cupresios
898 3188 953 3247 cit..
973 3193 1001 3240 et
1013 3183 1147 3241 'Murrani

166 3253 305 3306 ecclesiast.
320 3273 365 3308 nn.
380 3263 439 3324 586,
455 3265 514 3325 878,
531 3265 592 3324 909,
608 3267 666 3328 929,
683 3267 743 3326 98t‚
759 3261 819 3327 992',
829 3266 891 3315 edit.
910 3268 984 3316 1855.

171 3341 238 3460 ”th
249 3345 306 3398 viu.
321 3349 346 3398 s
363 3351 416 3414 sig.
434 3367 460 3402 n.
476 3355 526 3404 ssa
540 3356 566 3404 sn
585 3357 643 3426 unq
667 3358 697 3407 o.
723 3336 897 3421 assuescens,
910 3371 952 3422 op.
968 3357 1012 3408 cu.
1028 3370 1084 3422 cap.
1104 3359 1148 3418 tr,
