2572 3802
605 137 804 205 ...ωι-

216 275 418 346 confessarii.
436 275 514 344 llis
525 273 726 364 precedunt,
744 274 817 344 alite
833 275 1043 356 comitantur,
1059 278 1133 347 aliae
1153 301 1199 348 se·

219 395 364 474 quuntur
379 381 617 450 consessionem
629 381 685 462 (i).

270 523 284 597 ς
297 524 319 582 l.
330 523 416 580 -De
430 521 646 592 obligationibus
660 537 721 593 quae
733 523 897 594 procedunt
914 524 1139 581 contessionem.

264 647 430 716 Sacerdoti
440 647 631 738 prohibetur
641 645 731 714 adire
743 647 958 714 ministerium
972 649 1196 730 confessionis,

216 752 280 822 nisi
297 754 416 822 habeat
431 756 566 822 virtutes
589 769 622 820 et
641 756 826 820 doctrinam
842 756 1040 822 necessarias
1062 757 1104 821 ad
1124 756 1199 822 illud

221 861 317 948 digne
345 861 548 928 obeundum.
577 861 726 948 Alioquin
754 881 826 927 sese
857 875 1033 950 exponeret
1057 863 1201 950 periculo

221 968 369 1058 proximo
388 967 555 1056 peccandi.

268 1075 390 1142 ilabeat
406 1076 562 1140 virtuter:
575 1072 708 1152 scilicet,
723 1072 900 1162 praecipue,
913 1072 1119 1153 charitatem,
1134 1095 1205 1163 pru·

222 1179 379 1260 dentiam,
399 1181 590 1268 castitatem.

267 1287 390 1354 Habeat
403 1286 591 1352 scientiam:
615 1305 680 1351 non
697 1283 836 1373 perlecto
859 1284 992 1372 quidem
1008 1285 1199 1371 requiritur,
1262 1301 1266 1380 t

222 1392 280 1458 sed
308 1391 503 1469 communis,
530 1412 593 1478 ope
621 1389 715 1477 cujus
749 1391 850 1479 possit
885 1392 1083 1478 quaestiones
1117 1412 1204 1457 oom-
1266 1408 1267 1448 t

224 1495 366 1562 munitor
390 1510 597 1563 occurrentes
621 1496 761 1577 solvere,
781 1498 869 1564 etde
896 1495 1137 1564 difficilioribus
1154 1497 1207 1564 du·
1267 1506 1268 1542 l

225 1602 338 1670 bilore.

270 1709 362 1778 Unde
374 1710 539 1791 sacerdos,
558 1717 594 1776 ut
607 1709 685 1776 inse
697 1710 850 1798 suscipiat
865 1731 984 1776 munus
1000 1707 1204 1788 confessarii,

225 1818 311 1886 seire
335 1815 451 1884 debet:
485 1818 520 1882 lt
537 1817 645 1884 omnio
669 1837 744 1904 quae
763 1829 907 1903 spectant
930 1815 970 1881 ad
996 1813 1207 1895 validitatem,

226 1922 379 1990 licitatem
396 1933 428 1987 et
443 1921 591 1988 ellectum
610 1920 801 1986 sacramenti
813 1921 874 1998 32⁰
892 1915 1109 2004 obligationes
1127 1939 1209 1984 com·
1271 1943 1272 1946 ¹

227 2047 344 2094 munes
361 2037 392 2092 et
413 2025 569 2114 speciales
586 2037 748 2102 statuum;
768 2018 924 2114 principia
950 2021 1071 2109 quibus
1097 2022 1211 2089 distin·

228 2149 373 2220 gnuntur
390 2150 594 2224 peecatorum
607 2134 743 2222 species,
763 2142 891 2221 peccato
910 2130 1090 2196 monatius
1109 2132 1214 2198 venia·

229 2241 334 2320 iibtrs3
355 2243 558 2310 conditiones
575 2236 745 2306 validitatis
761 2251 792 2306 et
807 2237 934 2305 iioitatis
948 2250 1101 2312 octonum
1120 2259 1214 2304 casos

230 2349 426 2423 'reservatum
446 2368 599 2413 censuros
616 2347 772 2430 uigentes,
790 2361 900 2411 eto.-
914 2345 987 2410 llaec
1004 2340 1091 2408 enim
1105 2344 1215 2411 omnio

232 2451 411 2519 necessario
431 2466 506 2516 sunt
524 2451 720 2518 confessario
742 2452 782 2518 ad
804 2451 951 2520 debitum
972 2447 1024 2514 sui
1043 2449 1216 2518 ministerii

233 2555 432 2634 exercitium,
450 2567 485 2621 ut
501 2541 632 2622 evidens
645 2571 692 2622 est
703 2557 760 2640 (ἓ).

275 2714 339 2786 511.
350 2744 385 2756 -
394 2714 436 2770 De
450 2701 667 2783 obligationibus
676 2714 836 2770 confessarii
850 2716 973 2772 durante
982 2717 1173 2773 confessione.

230 2857 233 2862 “
279 2837 394 2908 Officio
404 2838 592 2907 confessarii
602 2852 677 2908 sunt
693 2839 823 2907 relativo
837 2845 905 2908 tirm
923 2840 963 2907 od
981 2841 1153 2907 materiam
1168 2861 1220 2908 sa-

269 3027 303 3094 (l)
314 3028 350 3078 lle
365 3039 471 3078 munere
485 3033 512 3078 et
525 3025 615 3078 officiis
624 3026 775 3078 confessarii
785 3028 886 3078 nonnisi
900 3029 1057 3088 summatim,
1072 3026 1129 3078 sola
1146 3027 1224 3078 ntue-

234 3107 296 3154 linet
308 3105 433 3168 prinolnia
446 3105 607 3168 exponendo,
621 3106 751 3157 disserere
765 3107 930 3158 intendimus.
941 3106 1027 3168 Quoad
1043 3107 1143 3168 nranirn
1154 3105 1224 3158 sacri

163 3181 164 3184 ’
235 3181 312 3244 bolus
325 3183 466 3246 reglmlnls,
482 3183 550 3246 quod
564 3185 589 3234 S.
606 3183 745 3248 Gregorius
759 3184 792 3234 ll.
811 3199 862 3235 nou
877 3185 1005 3235 immerito
1020 3185 1084 3235 dicit
1102 3189 1158 3237 Ars
1173 3199 1225 3237 or-

235 3263 315 3317 tium,
342 3262 467 3312 adeantur
480 3270 600 3315 auctores
611 3265 656 3328 qui
670 3265 703 3316 de
718 3265 760 3316 tlta
774 3265 865 3316 luslori
879 3279 999 3317 sermone
1017 3268 1176 3319 tractarunt.
1192 3293 1226 3306 -

237 3338 263 3386 ln
277 3340 445 3400 sentientibus
458 3341 484 3390 S.
500 3341 574 3406 llpb.
593 3344 608 3392 a
622 3343 724 3408 bigorio
738 3345 952 3408 qrramplurlnuna
962 3345 1055 3396 docem
1072 3347 1225 3410 munimur.

270 3420 304 3486 (Ξ)
327 3425 363 3474 lle
390 3427 497 3480 scientia
514 3430 671 3482 confessario
686 3434 832 3486 necessaria
846 3433 898 3488 rid.
913 3447 970 3500 quae
992 3435 1085 3491 scribit
1114 3436 1143 3487 S.
1166 3437 1227 3502 ¹1¹8·

239 3493 317 3543 Hom.
333 3509 377 3557 op.
391 3505 466 3552 tract.
485 3503 543 3555 tot
562 3519 587 3556 n.
606 3507 680 3558 tend
696 3509 753 3558 llll.
