2562 3810
51 3553 101 3656 h

553 44 754 112 -tta-

163 203 273 278 prenae
291 181 456 274 patiuntur
481 204 540 272 pro
569 184 709 288 peccatis
732 183 842 270 quood
865 181 991 272 cuipam
1010 183 1145 272 quidem

163 293 317 372 dimissis,
346 293 403 360 aad
438 291 585 365 oontihm
618 291 713 379 pient
740 289 960 358 satisfactione
994 292 1144 379 expiatis.

162 401 269 480 i'raxi,
284 413 319 466 ut
334 401 431 486 sopra
457 397 611 464 diximus.
639 397 770 464 Constat
785 392 820 462 3.
835 395 1027 465 definitione
1043 395 1144 464 Coeo.

162 508 253 578 Trid.
267 527 347 574 sess.
366 505 420 585 ti,
440 525 512 572 eon.
534 503 590 586 12,
604 504 775 574 anathemo
791 503 945 572 vibrantia
961 515 1077 572 eouua
1097 504 1146 572 di-

162 626 288 688 tentem
300 621 401 680 totam
410 613 650 697 perconcino!
657 633 731 680 cum
740 613 839 698 oufpd
853 609 975 678 remitti
981 631 1114 698 semper
1126 612 1148 678 d

165 722 246 790 Deo.
268 719 363 806 Ergo.

208 825 369 896 Diximus:
382 827 415 891 in
424 825 1147 914 peneresoepitis.Eteairnoiiquandhcontin·

124 993 128 1006 .
162 955 240 1022 gone
265 947 368 1024 potest
398 935 571 1002 trinodem
598 935 740 1013 instanti,
774 943 905 1022 propter
928 934 1147 1000 iaicasitatem

163 1043 286 1110 doloris
316 1040 546 1128 charitatisque
570 1039 740 1119 fervorem,
761 1041 854 1130 piena
880 1053 911 1108 et
936 1039 1080 1127 perfecta
1107 1040 1148 1108 ait

160 1147 348 1236 iustificatio
366 1147 555 1234 peremeris.
651 1179 655 1190 ·

209 1257 304 1340 Ergo,
319 1263 383 1320 ete.
404 1257 460 1333 ti).

210 1361 344 1428 otnero,
371 1361 713 1450 Diversimodd,1uxta
735 1363 926 1432 catholicam
948 1365 1144 1444 doctrinam,

165 1469 277 1548 homo,
293 1491 350 1558 pet·
369 1471 483 1540 merita
498 1470 627 1548 Christi,
658 1471 725 1538 Deo
742 1470 926 1538 satisfacere
942 1484 1061 1560 potest,
1085 1475 1146 1540 aci·

165 1578 258 1649 ficeta
273 1580 323 1646 acl
336 1581 440 1668 paenis
456 1579 497 1644 ab
510 1578 580 1662 ipso
597 1573 766 1663 sataeeptis,
784 1594 816 1644 ut
835 1575 1144 1672 jejuniismrationi·

164 1684 239 1762 hus,
254 1685 466 1773 elecmosynis
486 1683 622 1748 autaiiis
638 1684 764 1770 pictatis
784 1687 953 1770 oporihas;
976 1687 1024 1752 rui
1043 1689 1146 1773 poenis
1253 1705 1254 1764 ς

165 1797 184 1856 d
205 1793 372 1859 sacerdote
389 1789 561 1879 injunctis;
581 1789 742 1857 ueletiam
762 1793 994 1880 temporalibus
1010 1792 1147 1878 flagellis

165 1900 184 1964 h
201 1897 270 1964 Deo
282 1899 410 1966 inflictis
423 1912 454 1966 et
471 1898 630 1986 patienter
652 1898 807 1980 toleratis.
821 1899 868 1964 hir
883 1883 1144 1968 definivit-Cone.

164 2005 256 2082 Trid.
272 2028 352 2076 sess.
373 2007 429 2088 td,
443 2027 514 2096 cop.
532 2003 553 2072 9
566 2018 598 2072 et
611 2025 683 2072 oatr.
701 2005 756 2070 15.
770 2004 984 2086 -httamem

210 2112 254 2178 ΙΙ.
277 2113 646 2202 Speciohtercujosdom
670 2110 894 2181 satisfactionis
910 2101 1076 2200 impositio
1092 2135 1146 2182 oe·

198 2316 369 2380 (filiationes
385 2325 412 2368 et
422 2317 593 2368 emolumenta
608 2315 791 2371 satisfactionis
811 2318 849 2369 sic
863 2317 966 2368 tradant
984 2317 1074 2368 Patres
1089 2316 1148 2367 Tri-

166 2391 273 2456 (fontini,
289 2409 355 2445 sess.
372 2395 413 2456 if,
428 2407 485 2458 cap.
501 2393 537 2444 8:
556 2397 628 2446 Sane
649 2401 673 2446 et
693 2398 917 2462 dioinrejustt’tt'tu
940 2399 1014 2448 ratio
1042 2399 1146 2460 exiam

165 2475 281 2536 uidetur,
295 2477 325 2524 ut
349 2475 430 2526 aliter
443 2475 478 2524 oo
495 2487 526 2525 eo
540 2475 571 2526 in
584 2477 708 2536 aratiam
721 2479 891 2542 recipiantur
903 2479 951 2541 aut
964 2481 1028 2530 ante
1043 2479 1147 2542 eaptu-

163 2565 239 2609 naum
251 2567 302 2618 per
313 2556 504 2617 ianoronttmn
517 2555 699 2620 deliquerintr
716 2558 797 2608 aliter
813 2571 875 2610 acro
893 2559 941 2620 qui
957 2559 1037 2609 senet
1053 2555 1147 2622 dpca·
1252 2539 1253 2578 ³

164 2636 221 2686 cati
233 2637 394 2688 nidamenta
403 2636 529 2688 servitute
540 2635 658 2697 liberati,
673 2639 697 2687 et
708 2640 812 2700 accepto
826 2636 947 2700 Spiritus
960 2639 1055 2690 Sancti
1063 2639 1145 2702 dono,

163 2715 273 2766 scientes
296 2716 425 2778 tenplum
446 2717 496 2766 Dei
513 2717 626 2776 uiatore,
642 2719 666 2765 et
681 2716 815 2778 spiritum
830 2717 961 2768 sanetum
985 2718 1147 2768 contristare

164 2807 222 2846 non
248 2796 465 2859 formidaverint.
480 2799 516 2850 Et
529 2791 654 2850 divinata
670 2799 839 2848 clementiani
860 2798 941 2858 deret,
955 2809 989 2848 ne
1008 2795 1052 2849 tiri
1067 2799 1146 2850 noeis

161 2876 260 2937 amque
272 2875 331 2928 uitat
346 2877 533 2940 satisfactione
553 2881 664 2941 peccota
677 2879 863 2940 dimittantur,
883 2880 923 2938 ut,
938 2880 1079 2930 occasione
1099 2889 1147 2930 oc·

163 2958 247 3018 cepta,
264 2958 374 3018 peceato
384 2945 486 3008 leuiora
497 2961 635 3020 putantes,
649 2958 724 3007 vetut
733 2957 833 3018 injurii
846 2962 870 3007 et
885 2958 1074 3012 contumeliosi
1083 2955 1147 3020 spi-

164 3034 234 3083 ritui
252 3035 361 3093 Sancto,
373 3035 405 3084 in
422 3037 553 3095 praviora
567 3034 694 3088 lahomor
707 3037 923 3088 thesaurizantes
936 3039 1015 3088 noeis
1032 3040 1106 3088 iram
1116 3039 1148 3089 in

164 3109 208 3158 dte
221 3111 278 3163 irre.
301 3113 402 3160 Procul
418 3115 500 3164 duhio
517 3117 590 3166 enim
612 3127 775 3177 manuopera
795 3111 936 3178 enecato
958 3121 1098 3178 reuocent,
1122 3121 1146 3170 et

164 3187 245 3242 quusi
258 3186 333 3245 [reno
342 3190 459 3248 quodam
470 3197 588 3244 coercent
599 3195 638 3244 iiie
646 3195 839 3256 satisfactoriis
848 3205 944 3258 peno,
959 3197 1146 3262 cautioresque

164 3263 189 3306 et
202 3263 390 3320 oiaitantiores
403 3267 434 3316 tn
447 3268 570 3327 futu-runt
578 3274 735 3334 penitentes
742 3273 876 3338 afficiant,-
887 3275 1027 3326 momatur
1041 3287 1147 3338 auoque

162 3341 332 3392 peecatorum
346 3344 487 3407 rauaain;
504 3353 528 3398 et
544 3352 656 3402 uitiosos
671 3351 780 3403 habitas
793 3355 863 3405 mate
876 3355 990 3405 vitreario
1003 3367 1149 3418 eompara-

165 3409 206 3451 tos
221 3415 366 3464 contrariis
379 3421 511 3473 nichitam
528 3429 680 3478 actionibus
693 3431 800 3483 fatiunt.
