2538 3810
481 135 744 202 -ttt--,

79 286 140 367 bn,
171 294 207 349 ut
230 292 330 370 patet,
357 280 494 348 existere
517 281 640 350 debent
662 279 787 350 ιιιιιειιι
805 278 976 348 relationes
993 301 1069 370 quae

79 394 166 457 inter
183 386 445 454 idensexistunt:
470 385 615 473 alioquin
645 387 793 454 idearum
815 389 1070 456 communicatio

80 494 270 564 essetintor
284 491 439 560 berctinus
452 493 674 580 impossibilis.

124 601 238 670 Cenel.
256 599 340 685 Ergo
356 598 456 664 boare
468 611 586 687 potest
591 599 817 682 conclusiones
833 597 995 686 logitimus
1008 602 1068 678 de-

76 708 204 774 ducere
221 725 342 798 easque
370 705 476 772 verbis
501 705 640 793 propriis
653 705 848 792 exprimere.

122 809 232 886 Potest
243 809 407 878 deducere
418 811 665 890 conclusiones:
679 809 744 890 Sic,
762 832 801 877 ex
818 832 857 876 eo
875 809 965 897 qubd
983 791 1067 878 idcee

73 939 152 986 sese
168 925 281 984 mutub
298 930 498 1004 supponunt:
517 921 593 1004 cirus
605 914 738 1006 effeetus
755 917 939 990 necessario
950 937 1068 1004 suppo·

77 1036 134 1090 nat
150 1043 304 1102 causam,
323 1022 399 1091 dcto
416 1022 471 1087 tali
488 1021 624 1100 ellectu,
635 1013 731 1089 mens
742 1034 847 1111 potest
860 1021 1073 1100 concludere,

75 1145 109 1196 et
122 1135 242 1218 sponte
265 1128 430 1196 concludit
451 1127 653 1196 existentiam
672 1149 790 1197 causeo.
793 1129 893 1197 -Ex
909 1149 948 1196 eo
981 1125 1073 1216 quod
1118 1159 1120 1166 ·
1158 1147 1159 1150 ’

77 1237 162 1302 ideae
177 1233 251 1301 sese
272 1234 458 1300 contineant
483 1234 543 1300 sub
565 1231 714 1320 respectu
745 1235 967 1302 extensionis:
995 1233 1072 1303 date

76 1341 302 1429 propositione
317 1339 475 1425 generali,
493 1351 540 1405 tot
550 1357 590 1404 ea·
604 1338 659 1404 itte
674 1353 810 1427 possunt
823 1340 977 1406 concludi
991 1344 1070 1428 proi

78 1448 259 1535 positiones
275 1445 430 1534 speciales
446 1446 488 1512 de
504 1442 621 1512 eodem
637 1443 809 1527 attributo,
830 1458 911 1534 quet
932 1444 1065 1534 subjec-

1 1578 6 1596 ·
78 1570 151 1624 tens
161 1551 1074 1640 conprobenditgoesre,speoiesctindixidue.-lluco

77 1661 170 1746 quod
188 1679 260 1725 sese
277 1657 468 1724 ‘mulceant
486 1657 549 1724 sub
571 1666 722 1746 mpauu
744 1658 1066 1748 compreltensionis:

79 1769 154 1832 dati
172 1763 556 1854 propositionezqubtlern,
575 1772 621 1830 tot
636 1765 930 1854 concludipossunt
947 1785 1067 1852 propo-

80 1873 214 1940 sitiones
230 1871 405 1937 decedere
423 1864 582 1958 subjecto,
602 1883 682 1957 quet
697 1873 887 1970 attributum
906 1869 1069 1959 complec-

3 2009 6 2036 ι
80 1981 157 2044 titur
170 1975 380 2066 proprietates
391 1977 730 2078 essentiales-linco
741 1979 829 2062 quod
843 1977 924 2043 idcae
935 1997 1070 2042 seseex-

80 2085 229 2152 eludant:
248 2081 554 2170 affirmatdquidam
567 2082 764 2170 proprietate
779 2081 820 2149 de
833 2082 975 2170 quodem
987 2081 1066 2176 sub·

76 2190 187 2279 jecto,
202 2191 245 2256 de
267 2189 323 2256 illo
340 2190 452 2276 'negari
479 2193 585 2278 potest
610 2189 789 2278 proprietas
813 2188 1069 2257 contradictoria

6 2331 11 2362 t
79 2293 1068 2384 nossentnncraegutoeeusnspeepricrttesat'n'rmsripo-

79 2416 140 2470 test
151 2402 199 2468 de
210 2402 329 2468 cedern
338 2399 484 2492 subjecto
502 2401 680 2489 proprietas
692 2402 953 2480 contradictorie.
1018 2457 1021 2464 ,

124 2508 196 2577 tstae
217 2506 443 2574 conclusiones
464 2521 599 2593 possunt
615 2529 687 2578 esse
703 2507 877 2594 legitimae:
896 2509 1074 2599 Siquidem,

79 2613 231 2681 oriuntur
250 2634 290 2680 ex
303 2613 515 2683 relationibus
531 2613 748 2694 naturalibus
763 2615 968 2692 necessariis,
990 2635 1068 2700 quas

80 2722 162 2788 inter
180 2720 269 2786 ideus
281 2716 433 2798 existunt,
449 2733 479 2786 et
490 2713 771 2808 quaereredent
787 2719 1021 2789 relationibus
1013 2742 1068 2784 rn-

79 2827 223 2894 terentia
240 2822 463 2902 existentibus.
475 2821 614 2892 Proinde
641 2827 711 2902 istnc
738 2827 976 2906 conclusiones
988 2845 1070 2916 geu·

80 2931 279 2998 dentvolore
297 2930 475 3018 objectito,
492 2931 563 2998 eliis
578 2931 698 3010 verbis,
717 2945 792 2998 sunt
809 2931 975 3022 legitimae.

119 3041 195 3107 lstae
211 3037 438 3104 conclusiones
453 3051 589 3125 pessunt
609 3037 715 3104 verbis
739 3038 879 3126 propriis
906 3053 1041 3125 expernit
1057 3059 1066 3102 o

79 3149 152 3214 eum
171 3144 346 3212 ruatbaes
357 3145 556 3212 scurrone
569 3143 970 3235 extenuo-responnen
982 3144 1067 3211 rela-

82 3255 229 3325 tionibus
243 3253 429 3332 interidcas
442 3252 665 3328 eneruatius
749 3291 760 3302 .,
846 3283 850 3292 ·
895 3284 899 3292 ·
1017 3277 1020 3283 ¹
