2572 3802
431 79 682 196 pass*

85 271 211 336 Ulterius
226 274 362 346 probatur
382 323 384 328 .
1017 213 1069 272 Μ’

83 365 127 420 ΙΙ.
143 363 282 419 Christum
297 361 325 415 in
347 359 519 414 Eucharistia
547 361 716 428 praesentem
732 370 795 412 esse
818 359 870 412 suh
894 373 962 428 spe-

159 451 253 504 ciebus
268 447 346 517 panis
362 447 467 511 etvini,
483 451 570 500 totum
585 447 637 499 suh
656 445 772 513 utraque
786 447 890 514 specie,
906 445 963 500 imd

159 533 210 586 sub
223 530 340 599 singuiis
354 532 487 600 cujusque
503 530 608 599 speciei
623 530 767 598 partibus,
786 530 963 598 separatione

48 688 50 692 Δ
160 619 230 672 iacti
234 651 864 672 ..............
884 654 912 670 ,.
950 652 958 668 .
1034 608 1071 670 ts

84 701 103 774 g
115 704 179 758 5.-
189 705 236 759 stet
252 700 434 771 spirituatem
447 702 553 757 urcimoe
567 702 761 770 resectionem:

83 792 224 849 Probatur
243 790 384 845 Christum
400 793 515 859 propter
529 788 603 842 huuc
618 788 702 842 tinem
717 803 777 842 esse
792 791 962 857 presentem

158 879 388 932 insacramento.
428 914 436 928 .
475 911 483 930 0
523 913 530 929 .
569 909 578 928 a
615 914 623 929 .
663 909 959 931 .......
1033 874 1066 930 ht

85 1029 225 1084 Probatur
240 1029 278 1084 lt·
289 1028 459 1097 Proposita,
470 1028 576 1082 scilicet
589 1039 597 1079 ε

86 1117 268 1172 Praesentiam
292 1116 392 1170 Christi
419 1117 447 1170 in
474 1115 649 1170 Eucharistid
667 1129 730 1170 cum
754 1107 961 1170 conditionibus

158 1202 296 1274 praedictis
311 1218 406 1258 oerum
415 1205 583 1259 constituere
596 1208 814 1257 sacrament-um.
857 1239 865 1256 .
905 1241 912 1256 .
953 1240 960 1256 .
997 1197 1067 1256 ibid.

87 1355 213 1424 Quaestio
228 1354 268 1408 11.
284 1353 400 1421 Quando
416 1352 541 1410 Christus
558 1353 930 1409 institueritEucharistiam?
952 1390 959 1406 .
1032 1349 1069 1404 52

85 1443 169 1511 nep.
184 1439 321 1496 Christum
337 1439 491 1494 instituisse
508 1439 708 1495 Eucharistiam
725 1441 754 1494 in
775 1441 871 1494 ultimi
882 1439 962 1493 csend

156 1558 191 1569 -
211 1529 267 1592 die,
282 1543 331 1582 seu
346 1528 410 1582 luni
420 1528 525 1582 decimi
542 1529 640 1598 quartat
655 1531 790 1582 exeunte:
806 1527 881 1597 quod
895 1528 960 1584 hre-

156 1613 228 1668 viter
243 1613 375 1681 probatur
390 1618 486 1668 eontra
502 1614 614 1667 Graecos
617 1651 958 1668 ........
995 1611 1064 1667 ibid.

88 1764 212 1832 Questio
226 1764 282 1818 ΠΙ.
295 1763 443 1829 Quomodo
457 1763 583 1818 Christus
597 1763 772 1816 instituerit?
809 1801 817 1817 .
857 1802 864 1816 .
903 1799 911 1814 .
950 1801 958 1816 .
1031 1761 1067 1828 53

84 1851 321 1922 despumatum
341 1851 491 1906 instituisse
510 1850 713 1906 Eucharistiam
728 1848 886 1904 immediate
906 1889 914 1904 .
953 1885 961 1901 .
998 1847 1066 1902 ibid.

354 2009 442 2059 Caeur
462 2007 491 2058 n.
502 2034 535 2044 -
548 2008 584 2058 tie
599 2005 798 2056 crruditionihus.

84 2153 187 2208 Anno.
203 2153 376 2210 toscona.
391 2158 518 2224 exparte
533 2153 678 2208 ministri.
718 2134 751 2208 ,⁸
766 2187 960 2206 .....
997 2148 1065 2204 inid.

85 2239 181 2305 Quaer.
197 2240 330 2306 Quaenam
341 2241 517 2296 conditiones
528 2241 665 2310 speciales
679 2231 865 2308 requirantur

87 2325 117 2379 1⁰
132 2327 160 2379 in
175 2329 300 2383 ministro
315 2328 508 2384 Eucharistiae
526 2329 722 2398 conficiendo?
761 2363 957 2380 .....
1031 2321 1068 2378 dd

85 2413 174 2484 Resp.
191 2421 218 2480 ot
233 2417 313 2484 prob.
329 2417 433 2486 requiri
462 2419 490 2470 et
511 2417 640 2471 sufficere
660 2416 849 2469 characterem
864 2430 960 2468 saeer-

159 2501 281 2556 dotalem
284 2539 960 2558 ...............
997 2501 1065 2556 thid.

84 2587 117 2642 2⁰
129 2588 156 2641 in
166 2588 292 2644 ministro
307 2589 495 2645 Eucharistiae
508 2591 708 2645 distribuendis
722 2593 736 2643 ?
760 2628 959 2643 .....
1032 2587 1067 2641 55

84 2674 173 2744 Resp.
190 2676 215 2731 t.
232 2678 334 2732 nuttam
349 2677 451 2746 requiri
462 2676 610 2732 adreatem
621 2676 844 2730 distributionem
858 2691 959 2744 corpo-
1083 2681 1086 2686 '

159 2763 197 2817 ris
211 2768 239 2818 et
253 2764 392 2830 sanguinis
403 2763 502 2818 Christi
512 2779 519 2827 3
531 2762 557 2816 2.
575 2770 601 2814 ut
612 2767 704 2816 autem
716 2762 774 2815 haee
785 2761 959 2828 dispensatio

158 2850 205 2904 fiat
216 2851 280 2919 jure
294 2851 446 2914 ordinario,
469 2848 573 2916 requiri
594 2848 784 2902 characterem
799 2847 959 2902 sacerdota-

158 2933 224 2997 iem;
240 2934 267 2988 3.
285 2939 313 2989 ut
328 2935 375 2989 irat
385 2935 448 3004 jure
462 2933 695 2996 extraordinario,
710 2932 814 3000 requiri
830 2931 960 2988 ordinem

159 3019 319 3076 diaconatus
334 3017 346 3074 .’
382 3057 581 3076 .....
604 3039 610 3047 *
621 3055 960 3072 ........
997 3016 1065 3071 ibid.

84 3106 187 3160 Aarrc.
206 3109 242 3164 u.
264 3107 768 3176 ueconumspartemmenroram.
808 3141 816 3160 ,.
855 3142 863 3158 .
903 3143 910 3159 .
949 3141 957 3157 .
1031 3101 1066 3158 56

87 3195 101 3263 5
118 3192 189 3247 1.-
206 3195 245 3248 De
260 3195 386 3250 materiei.

84 3281 124 3348 Q.
136 3281 172 3334 t·.
188 3283 324 3348 Quaenam
337 3284 371 3337 sit
387 3283 500 3339 materia
515 3281 711 3338 Eucharistiae?
763 3318 770 3334 .
811 3317 819 3333 .
858 3317 866 3333 .
906 3315 914 3332 .
951 3315 960 3330 .
997 3277 1064 3333 ibid.

87 3368 124 3422 R.
135 3368 281 3424 Materiam
296 3386 357 3425 esse
370 3385 472 3440 panem
486 3371 601 3441 proprie
619 3369 734 3436 dictum,
745 3371 773 3424 et
782 3367 878 3424 uinum
892 3381 961 3436 pro·
1043 3427 1046 3432 Δ

160 3456 336 3526 pristinum
340 3489 960 3516 ..............
998 3449 1064 3506 ibid·
