2556 3812
603 142 645 156 --
670 107 734 173 trs
757 143 799 156 -

415 273 456 326 ttt.
473 275 508 328 ite
522 274 666 326 intentione
679 281 706 326 et
719 275 861 326 attentione
876 273 972 326 debita.

249 418 285 482 l⁰
302 415 488 504 Requiritur
504 414 659 482 intentio:
677 435 751 480 nam
769 413 893 482 auditio
910 412 1017 480 missae
1035 418 1184 502 praescri-

202 523 290 590 bitur
318 536 353 589 ut
376 536 466 589 actus
492 521 674 604 religiosus,
707 519 844 608 proinde
868 519 1055 599 humouus;
1086 544 1184 610 porro

202 629 328 716 absque
340 627 518 695 intentione
535 627 643 694 nullus
656 634 704 692 est
720 641 810 692 actus
821 626 1053 692 humanus.—
1065 629 1183 712 Quoid

202 731 388 818 qualitatem
406 729 609 796 intentionis:
635 751 700 794 non
724 729 901 814 requiritur
926 729 1061 795 intentio
1084 753 1182 818 quam

201 838 263 906 sibi
287 837 437 926 proponit
457 836 595 902 Ecclesia
613 837 816 923 praecipiens,
837 856 897 900 nec
927 836 1023 900 etiarn
1046 837 1182 904 intentio

201 943 415 1012 satisfaciendi
445 952 618 1030 praecepto,
653 955 687 1008 ut
714 949 839 1007 constat
859 962 896 1007 ex
925 943 1029 1021 dictis,
1058 944 1117 1008 ubi
1144 947 1182 1012 de

200 1050 349 1136 Lepidus,
365 1049 447 1116 circo
467 1048 677 1115 intentionem
699 1047 1182 1134 requisitamadimpletionem

200 1157 368 1245 praecepti.
384 1155 571 1242 llcqtriritur
591 1168 700 1220 autem
717 1152 829 1220 saltem
856 1165 887 1219 et
904 1152 1022 1220 sufficit
1042 1154 1180 1221 intentio

199 1261 329 1326 colendi
345 1262 450 1326 Deum
464 1283 472 1337 ;
488 1261 562 1346 quia
579 1261 648 1326 haec
662 1260 796 1326 intentio
817 1260 930 1326 saltcm
941 1255 1135 1346 ¹requiritur
1150 1270 1180 1328 et

198 1365 317 1431 suffieit
329 1366 368 1430 ad
386 1372 493 1431 actum
505 1365 706 1450 religiosum.

242 1469 1178 1559 2⁰Requiriturattcntiodebitat:Requiriturautemccrtd,

198 1575 331 1643 attentio
354 1590 496 1655 externa,
521 1597 594 1661 quae
621 1578 765 1643 consistit
796 1577 828 1644 in
855 1600 893 1644 eo
920 1579 1007 1664 quod
1027 1580 1177 1646 assistens

197 1681 320 1749 nullam
337 1690 434 1771 ponat
451 1683 610 1748 actionem
641 1686 772 1749 externe
797 1684 1075 1771 incompatibilenr
1104 1707 1177 1752 cum

196 1790 362 1857 auditione
379 1787 498 1855 missae.
516 1788 724 1856 Probabitiris
738 1789 856 1869 etiam,
877 1789 1010 1856 attentio
1030 1791 1174 1870 interna,

196 1903 262 1982 qud
274 1898 425 1962 assistens
446 1896 589 1962 animum
612 1895 750 1983 applicet
771 1897 883 1962 saltem
902 1898 941 1961 ad
960 1897 1105 1964 actiones
1128 1921 1177 1964 sa·

197 2004 358 2070 cerdotis:
381 2004 500 2069 etenim
522 2003 654 2068 attentio
683 2003 749 2068 sive
773 2017 917 2083 externa,
943 2004 1009 2070 sive
1034 2004 1174 2084 interna,

197 2111 373 2195 requiritur
386 2110 416 2175 iu
431 2109 588 2188 oratione,
603 2109 648 2174 uti
666 2107 768 2174 lusibs
780 2108 957 2195 explicatur
973 2123 1004 2175 et
1021 2111 1178 2196 probatur

196 2215 253 2279 ubi
270 2217 310 2279 dc
328 2216 507 2291 Oratiooe;
521 2235 597 2298 crgo
611 2215 786 2301 rcquiritut·
802 2221 820 2280 d
838 2217 904 2303 pari
919 2217 958 2280 ad
976 2215 1176 2284 auditionem

195 2319 315 2396 missae,
342 2339 415 2402 quac
439 2320 626 2407 praecipitur
653 2334 688 2386 ut
719 2322 842 2409 species
871 2323 1025 2388 orationis
1051 2325 1109 2404 (l).
1133 2363 1177 2374 -

194 2423 458 2512 Undcpraeccpto
480 2425 664 2492 satisfacere
685 2441 806 2514 potest:
825 2429 882 2514 qui
900 2435 1018 2508 cantat,
1046 2433 1171 2526 musici

227 2611 262 2676 (t)
284 2611 321 2661 lta
339 2611 368 2660 u.
384 2611 476 2664 Tbom.
492 2614 516 2664 in
531 2613 557 2670 l,
572 2612 633 2663 dist.
657 2613 697 2675 lb,
713 2627 739 2676 q.
764 2614 789 2674 l,
805 2619 854 2664 ant.
869 2613 895 2671 Ξ.
910 2629 935 2678 q.
952 2617 986 2676 4;
1003 2616 1128 2682 Billuant‚
1143 2621 1174 2672 dc

194 2696 279 2756 Retia.
296 2696 346 2746 dis.
360 2696 386 2759 6,
403 2704 451 2748 art.
465 2699 490 2758 5;
507 2696 642 2756 Bononiae,
658 2696 762 2758 sponsi,
777 2696 803 2745 S.
824 2696 883 2760 lig,
902 2711 928 2747 n.
952 2697 1016 2759 sts;
1041 2699 1122 2762 tiens,
1144 2704 1174 2753 de

120 2781 125 2795 '
192 2777 292 2841 Sacris.
310 2793 335 2828 n.
350 2778 393 2840 20,
409 2781 463 2832 uu.
478 2779 587 2831 Botrvier
603 2785 630 2830 et
642 2779 757 2841 plerique
772 2780 938 2830 recentiores.
952 2781 1117 2833 -Attamen
1133 2791 1175 2836 te-

191 2864 254 2907 nent
267 2859 363 2920 plures,
382 2860 449 2909 inter
458 2873 526 2923 quos
539 2860 644 2916 Suarez,
658 2859 771 2917 Lessius,
785 2857 894 2917 Medica,
910 2860 1025 2922 Lacroix,
1038 2868 1173 2914 externam

190 2946 217 2990 et
231 2941 353 2991 moralem
367 2943 530 3006 praesentiam
544 2942 662 2992 sufficere
676 2955 733 2991 cum
748 2941 890 2992 intentione
904 2943 1018 3006 generati
1029 2944 1112 2995 licum
1128 2961 1174 2997 co·

189 3019 268 3068 tendi.
283 3021 342 3080 Qnae
355 3023 493 3079 sententia,
508 3022 600 3072 saltem
614 3021 905 3084 propterauctoritatem
917 3022 1050 3073 doctorum
1060 3027 1107 3088 qui
1116 3040 1173 3078 eam

189 3107 360 3161 propugnant,
378 3103 558 3164 probabilitate
572 3116 623 3151 non
641 3110 722 3152 caret.
737 3103 766 3153 P.
785 3103 862 3167 (lersy,
883 3111 903 3153 t.
923 3104 942 3162 t,
956 3119 984 3155 n.
1002 3107 1062 3167 ott,
1082 3117 1174 3160 censet

188 3185 307 3236 magnam
322 3191 372 3226 non
395 3181 523 3230 interesse
546 3181 743 3242 discrepantiam
763 3181 831 3230 iuter
853 3191 987 3247 utramque
1005 3189 1171 3251 sententiam,

145 3289 147 3292 .
188 3254 332 3340 pometiam
345 3259 428 3308 inisti
441 3263 553 3312 secunda
568 3263 713 3325 requiratur
727 3276 786 3312 vera
796 3263 903 3314 intentio
917 3265 1060 3318 honorandi
1078 3270 1169 3334 Deunt,

176 3337 339 3392 'junctaeum
356 3339 498 3389 attentione
512 3342 557 3392 tati
571 3349 599 3392 ut
616 3343 741 3394 assistens
754 3342 840 3394 missae
853 3346 979 3398 rationem
994 3348 1045 3400 sibi
1058 3347 1171 3404 redde'rc

187 3406 269 3464 possit
281 3412 347 3471 quod
362 3418 452 3480 reapse
466 3424 763 3491 succendentium,
779 3428 909 3480 concludit
923 3431 1169 3498 predictusaucton,
