2556 3812
557 113 758 184 -tts-

173 249 339 345 pensionis
354 257 372 322 i
389 253 513 324 clericis
541 254 610 343 ipso
628 253 711 324 iccio
727 254 933 324 incurrendo
945 269 976 324 et
991 257 1026 324 S.
1047 260 1159 333 Ponti·

173 363 225 434 det
249 375 418 432 reservatae
431 363 487 445 (Ι).

218 471 364 537 Dicimus
389 469 576 538 ordinarie:
602 468 764 556 siquidem
789 469 821 535 l.
839 468 866 534 si
889 489 927 536 ex
944 469 1158 540 circumsten-

177 572 229 646 iiis
245 591 407 648 constaret
421 578 626 668 pinguiorem
651 577 890 664 eleemosynam
913 579 1020 666 potius
1037 581 1155 650 intuitu

174 707 323 776 pereunte
340 692 438 774 quittn
456 685 563 752 missse
581 683 681 750 luisse
703 683 891 770 praestiicm,
910 699 1020 770 posset
1045 707 1156 756 sucer-

174 793 233 862 dos
255 813 422 862 excessum
445 793 612 871 retinere,
632 791 864 858 committendo
890 790 981 858 alteri
1009 793 1156 874 celebre·

171 902 292 968 tionem
312 901 430 972 missae.
460 899 495 968 S.
519 901 590 984 Lip.
609 921 644 966 n.
664 897 743 966 321.
768 898 801 966 l.
827 899 868 964 Ex
886 898 1020 967 diversis
1045 901 1157 972 decre·

173 1008 213 1074 tis
237 1007 271 1074 S.
291 1005 327 1076 C.
345 1007 396 1088 C.,
414 1007 566 1076 sacerdos
588 1005 775 1074 deserviens
797 1005 1008 1094 capellaniam
1026 1021 1081 1076 cut
1102 1009 1155 1076 be·
1259 1027 1261 1048 ¹

173 1114 345 1194 celicium,
364 1115 416 1182 cui
440 1113 518 1180 eetti
544 1111 689 1180 redditus
710 1124 785 1180 sunt
806 1119 973 1180 annuatim
990 1115 1155 1184 constituti
1260 1207 1261 1210 Ἴ

173 1229 205 1290 ci
232 1227 389 1308 perpetuu
417 1219 580 1304 assignati,
609 1225 713 1307 potest
733 1217 908 1304 eliquendd
934 1219 1066 1288 missam
1096 1243 1155 1310 per

173 1326 272 1392 alium
295 1323 473 1403 celebrare,
496 1333 527 1390 et
555 1325 600 1390 illi
619 1325 746 1392 tradere
766 1324 1004 1412 eleemosynam
1028 1329 1156 1398 ordina·
1260 1409 1261 1416 ἵ

173 1432 267 1510 riam,
290 1431 363 1497 licet
388 1431 583 1520 stipendium
610 1432 712 1519 ipsius
733 1432 959 1518 quotidianum
983 1436 1155 1504 excederet
1260 1481 1261 1512 ι

136 1585 143 1590 -
172 1536 387 1606 ordinarium.
402 1538 514 1616 Sectis,
527 1539 552 1604 si
567 1537 643 1604 huie
653 1538 811 1604 sacerdoti
825 1559 883 1626 pro
896 1539 1041 1626 quelibet
1054 1543 1154 1610 missu
1260 1525 1261 1568 ³

171 1656 257 1712 certa
279 1643 411 1710 daretur
427 1643 643 1730 eleemosyna.
662 1643 697 1710 S.
709 1645 782 1732 cip.
800 1643 880 1712 ibid.

181 1785 195 1848 ς
209 1786 314 1839 il.·—lic
328 1785 529 1852 obligationibus
546 1786 688 1838 sacerdotis
702 1786 877 1850 spectantibus
891 1786 923 1838 ad
934 1787 1142 1842 circumstantius

110 1859 116 1867 ¹
586 1869 737 1921 oblationis.

216 1991 374 2058 Sacerdos
385 1990 525 2058 offerens
537 1990 731 2056 sacrificium
740 1987 815 2076 jure
828 1991 937 2057 diuino
951 1999 1083 2059 ienetur
1092 1993 1153 2060 sub

170 2099 258 2184 gravi
276 2107 331 2163 eui
346 2099 407 2165 sub
421 2099 495 2177 levi,
514 2119 572 2186 pro
585 2097 739 2183 gravitate
762 2112 818 2163 eut
841 2098 967 2165 levitate
994 2103 1151 2179 muteriae,

171 2203 344 2268 obseruare
360 2204 468 2269 omnin
486 2223 559 2290 queo
572 2218 647 2270 sunt
668 2203 849 2271 necessaria
862 2205 903 2271 ad
920 2206 1051 2291 dignum
1070 2207 1154 2274 cele·

172 2307 368 2374 bontionem.

204 2471 241 2538 (l)
259 2495 270 2522 ι
288 2471 337 2522 Per
354 2470 467 2523 edictum
488 2473 514 2527 in
533 2474 626 2527 vestris
649 2474 804 2532 dioecesibus
827 2476 1021 2540 proponendum
1045 2479 1153 2544 affigen-

170 2561 283 2625 dumque
297 2558 343 2626 (ait
356 2557 511 2610 Benedictus
524 2559 578 2608 xlv
591 2557 624 2608 ad
650 2557 800 2624 Episcopus)
815 2560 944 2614 universis
958 2567 1047 2610 notum
1065 2561 1151 2620 facite,

169 2656 365 2709 quemcumque,
374 2642 418 2706 qui
428 2642 614 2704 eleemosynas
624 2654 670 2690 seu
684 2641 811 2705 stipendia
822 2643 926 2706 maioris
940 2643 1016 2707 pretii
1028 2655 1074 2707 pro
1088 2645 1154 2696 mis-
1259 2661 1260 2679 t

169 2729 206 2780 sis
220 2728 390 2789 celebrandis,
405 2723 620 2790 quemadmodum
635 2723 750 2776 iocorum
764 2725 975 2790 consuetudines,
990 2727 1032 2778 rel
1043 2729 1153 2792 spnodtt·

169 2809 202 2860 lia
217 2815 313 2862 statuta
331 2811 446 2876 exigunt,
465 2805 600 2872 colligens,
619 2808 721 2871 missas,
736 2816 837 2860 retenta
850 2812 902 2864 sibi
916 2820 988 2876 parto
1002 2813 1153 2866 earumdem

168 2894 398 2958 eleemosynarum,
413 2903 459 2942 seu
473 2891 662 2954 stipendiorum
689 2898 863 2956 acceptorum,
885 2895 941 2945 sire
965 2895 1073 2954 ibidem,
1099 2897 1154 2947 sire

168 2977 239 3038 aiibi,
253 2976 299 3026 ubi
313 2989 359 3039 pro
369 2975 460 3032 ‚missis
473 2974 637 3026 celebrandis
651 2976 750 3025 minora
764 2977 902 3041 stipendia,
921 2992 966 3029 seu
981 2979 1152 3044 eleemosyusc

168 3058 316 3106 tribuuntur
329 3057 456 3108 celebrari
470 3058 569 3118 iecerit,
584 3059 677 3109 laicum
691 3059 806 3122 quidem,
821 3073 868 3111 seu
880 3061 1041 3124 sceotrlurem,
1058 3069 1153 3126 praetcr

169 3137 232 3186 alias
246 3139 354 3192 arbitrio
368 3145 455 3191 restro
469 3142 620 3207 irrogondus
634 3155 733 3206 poenos,
748 3144 1024 3198 excommnuicationis
1037 3159 1153 3210 pteuuta,
1258 3189 1259 3198 t

168 3217 290 3268 clericum
298 3233 370 3280 uero,
385 3221 439 3273 siue
454 3238 641 3290 quemcumque
658 3227 831 3289 sacerdoicm,
850 3241 951 3291 poenam
970 3228 1150 3292 suspensionis

168 3295 225 3355 ipso
239 3298 306 3348 laeto
320 3300 467 3366 incurrere,
489 3307 503 3356 a
518 3309 612 3372 quibus
626 3310 711 3360 nullus
726 3323 771 3374 per
789 3308 876 3373 alium,
891 3324 967 3374 quant
982 3323 1029 3374 per
1046 3324 1095 3360 nos
1109 3311 1152 3374 ip-

169 3383 223 3430 ⁸⁰⁶2
241 3387 287 3424 8011
313 3379 454 3432 Romanum
483 3383 631 3440 l’ontidccm
654 3405 702 3454 pro
720 3397 836 3456 tompore
851 3393 1016 3451 existentem,
1045 3393 1097 3442 nisi
1124 3392 1151 3444 in
1258 3443 1259 3450 ,

168 3451 259 3498 mortis
273 3456 378 3508 arducio
393 3465 546 3518 constitutus
561 3469 659 3524 absolvi
674 3474 764 3536 possit.
786 3491 797 3522 a
814 3475 870 3526 itio.
882 3477 1040 3528 uolturium
1052 3475 1150 3528 Bdfflds

170 3525 233 3586 xlv,
249 3534 268 3575 t.
288 3531 306 3590 i,
323 3545 348 3580 n.
365 3536 397 3584 22
412 3539 482 3600 (edit.
498 3545 615 3598 liceltiin.
632 3552 681 3600 sol.
700 3555 719 3616 l,
735 3568 792 3620 pag.
811 3557 879 3621 tii.)
