2556 3812
568 124 767 192 *ild-

175 263 318 348 olilignnt
334 281 411 348 ergo
433 263 694 332 omncsiideies.
714 263 845 331 Constat
868 264 965 330 etiam
991 271 1160 334 communi

176 370 471 450 doctrindl’atrum,
489 370 554 438 fide
564 384 595 438 ct
607 370 754 438 doctrina
768 369 931 438 Ecclesiae.

218 477 252 543 E·
271 499 309 562 p.
324 477 418 544 liodo
433 476 662 546 discretionem
680 478 817 544 lrabeat:
836 478 1005 564 Siquidem
1019 478 1052 545 in
1071 501 1158 568 prae·

171 584 255 652 senti
271 583 452 672 disciplina,
475 584 626 664 Ecclesia,
645 585 686 650 ola
711 585 925 651 reverentiam
945 587 1155 665 sacramenti,
1259 645 1260 650 ,

174 690 409 758 Eucharistiam
434 711 498 758 non
516 692 640 779 praebet
656 691 832 759 infantibus
854 699 886 758 ct
910 691 981 759 aliis
1008 693 1165 762 fidelibus
1259 747 1260 766 ι

177 796 233 884 qui
247 810 322 864 suut
339 797 540 866 discretionis
557 799 725 886 incapaces
741 799 798 880 (l).
1259 783 1260 798 ¹

223 901 259 966 Et
269 926 306 989 p.
323 904 465 972 Tenetur
481 905 670 972 necessitate
686 905 852 993 praecepti,
870 925 936 973 non
953 913 1032 972 aero
1048 927 1164 973 neces-

177 1009 269 1077 sitato
291 1011 411 1076 medii:
441 1011 608 1098 Siquidem
643 1011 741 1076 homo
765 1011 861 1078 etism
890 1011 1020 1077 adultus
1045 1012 1164 1079 saivari

178 1129 282 1205 potest
304 1116 449 1203 quamvis
465 1117 696 1184 Eucharistiam
711 1138 775 1182 non
793 1118 962 1204 receperit.

221 1223 307 1305 erp.
323 1222 458 1288 Sumere
471 1221 663 1308 aliquando:
676 1219 792 1288 Fidelis
807 1222 967 1306 obligatur
983 1222 1164 1310 aliquande

176 1327 309 1424 directe,
324 1327 498 1414 aliqnando
515 1328 683 1408 indirecte,
703 1349 760 1394 seu
779 1330 1007 1416 peraceidens.
1073 1405 1074 1408 Ἴ

149 1519 155 1526 ¹
222 1428 392 1513 Obligatur
407 1430 544 1497 directa:
563 1433 599 1498 i⁰
617 1433 648 1498 in
666 1431 801 1499 articulo
821 1432 869 1498 vel
892 1430 1066 1520 periculo
1054 1411 1164 1522 prosi·

176 1553 231 1601 mo
245 1537 377 1604 mortis:
396 1537 470 1624 quia
489 1546 581 1622 urget
596 1539 707 1623 gratiae
732 1539 918 1617 necessitas,
937 1559 974 1605 ac
1002 1539 1159 1626 proinde,
1259 1543 1260 1610 ?

176 1637 201 1705 si
220 1643 375 1726 unquam,
399 1652 474 1706 tunc
491 1648 577 1707 certe
591 1642 694 1708 existit
708 1641 862 1726 obligatio
879 1639 1030 1708 sumendi
1053 1662 1162 1707 sacra-

177 1759 321 1812 mentum
344 1746 564 1824 Eucharistiae,
589 1747 677 1834 quod
699 1742 1025 1814 hominibusdatum
1055 1754 1103 1813 est
1126 1759 1162 1812 ut

177 1849 329 1916 viaticum
344 1851 529 1919 eouiortaus
549 1853 702 1918 adversus
733 1849 841 1916 hostes
859 1850 984 1916 salutis.
1009 1851 1161 1915 Itdcom·

84 1966 86 1968 ’
176 1959 328 2026 mastiter.
348 1997 391 2008 -
404 1959 493 2024 Unde
510 1955 613 2029 fidelis
630 1957 685 2044 qui
698 1979 737 2028 ert
753 1957 922 2025 devotione
939 1957 1162 2025 communica-

176 2063 220 2129 vit
236 2066 346 2152 paucis
366 2075 440 2134 ante
457 2049 583 2142 diebus,
612 2065 718 2132 aditae
743 2063 991 2162 superveniente
1013 2063 1159 2151 periculo

174 2170 258 2248 ritae,
281 2169 481 2256 probabilius
503 2185 630 2237 tenetur
647 2191 774 2238 sacrum
792 2171 941 2236 viaticum
965 2170 1131 2258 suscipere
1148 2193 1156 2248 ;

175 2263 335 2361 siquidem
346 2296 403 2362 per
418 2277 681 2350 communionem
699 2277 931 2353 anteit-iactam,
947 2298 1012 2344 uon
1029 2275 1155 2344 satisfe-

176 2380 218 2447 cit
234 2393 394 2469 praecapto
411 2382 497 2468 quod
515 2403 553 2448 cx
570 2383 833 2473 interpretatione
850 2383 999 2450 Ecclesiae
1018 2396 1114 2468 urget
1125 2383 1158 2450 in
1259 2413 1260 2424 ι

210 2591 244 2658 (l)
261 2611 272 2643 ι
287 2593 341 2657 Quo
355 2593 416 2646 rerd
429 2594 512 2646 aetatis
525 2588 591 2646 antio
605 2610 661 2648 earn
672 2597 844 2649 maturitatem
859 2573 993 2648 advenisse
1008 2596 1043 2646 sit
1057 2606 1156 2660 praesn-

175 2675 305 2737 meadum,
321 2689 372 2726 non
389 2681 475 2740 potest
489 2677 559 2728 certa
573 2678 662 2742 regula
676 2677 797 2740 deliniri3
812 2679 870 2727 cum
885 2676 928 2728 aiii
941 2675 1050 2734 medius,
1063 2677 1109 2727 alii
1118 2676 1159 2726 ci-

176 2750 227 2816 tiiss
240 2753 382 2818 perlectum
399 2754 506 2806 rationis
521 2770 605 2816 usum,
616 2757 754 2820 rerumque
772 2755 943 2820 spiritualium
960 2753 1158 2820 intelligentiam

51 2864 59 2878 ·
94 2853 112 2877 ι
174 2841 361 2898 assequantur:
380 2835 406 2885 id
421 2841 507 2885 autem
527 2835 738 2886 intra'dceimum
757 2844 783 2886 et
797 2836 923 2887 decimum
939 2841 1058 2900 quartum
1069 2836 1154 2887 aetatis

171 2921 278 2977 aeuum,
292 2915 464 2966 communiter
477 2916 591 2977 evenire,
607 2923 680 2966 notat
694 2917 797 2978 Suarec,
813 2917 840 2966 in
854 2917 871 2966 ὅ
884 2929 910 2979 p.
926 2929 955 2981 q,
971 2915 1013 2974 80,
1030 2905 1106 2978 diap,
1115 2916 1157 2978 70,

172 2999 238 3054 sect.
255 2995 279 3043 i.
292 3011 302 3040 ι
315 2991 467 3046 Serredictns
480 2995 543 3057 xiv,
559 2997 699 3058 desponsi.
715 2997 733 3044 l.
752 2996 800 3056 vti,
819 3009 843 3046 c.
860 2995 902 3056 ta,
917 3008 944 3046 ιι.
960 2993 985 3044 2.
997 2993 1084 3052 Ende,
1099 2994 1159 3044 eum
1259 3047 1260 3060 ,

174 3070 243 3119 inter
257 3086 350 3132 pueros
364 3073 467 3136 qttidam
481 3075 556 3124 sititis
571 3075 647 3138 quim
657 3075 699 3124 aiii
713 3088 811 3124 sacratu
826 3075 1013 3124 Eucharistiani
1023 3073 1158 3136 percipere

174 3147 284 3209 possint,
295 3159 328 3198 'ac
343 3151 450 3212 proinde
465 3158 591 3215 praecepto
605 3141 784 3216 subjiciantur,
799 3153 941 3204 carendum
952 3158 993 3202 est
1006 3164 1039 3201 ne
1053 3163 1100 3214 pro
1112 3165 1158 3203 re-

137 3269 139 3272 .
176 3223 234 3285 quit
247 3228 361 3287 generati
380 3235 507 3282 statuatur
526 3243 572 3281 ens
585 3231 806 3284 indiscriminatim
825 3231 857 3282 ad
881 3230 1089 3284 communionem
1103 3243 1156 3283 non

175 3309 233 3348 esse
247 3302 418 3372 adrnittendos
438 3307 488 3359 cisi
503 3309 529 3358 in
547 3310 620 3360 serti
632 3316 707 3362 acute
731 3313 895 3364 constitutus
911 3311 963 3374 ipsi
980 3309 1054 3374 pueri
1068 3309 1159 3373 reipsa

176 3385 227 3420 nou
240 3381 367 3440 tenentur,
384 3381 433 3430 nisi
447 3375 576 3446 quanddis
600 3389 712 3451 parocho
728 3390 767 3442 ael
785 3392 803 3442 a
815 3391 967 3462 parentibus
992 3387 1086 3440 mossill
1100 3387 1160 3440 fue·

177 3453 245 3494 runt
260 3451 315 3499 viu.
331 3455 357 3501 S.
374 3455 428 3519 Lig
445 3473 470 3508 ιι.
487 3461 545 3526 aot,
565 3463 628 3516 dub.
650 3467 674 3514 li
