2562 3810
497 115 698 182 445-

148 258 189 324 20
215 256 376 326 Sacerdos
408 254 585 324 absolvens
610 267 824 324 concurrente
854 260 952 375 simul
977 281 1090 332 errore

15 409 22 456 t
100 367 270 437 communi
294 379 326 432 et
345 364 438 432 titulo
452 365 620 432 colorato.¹

148 475 289 541 Error
270 472 450 540 comtnunis
468 474 571 553 adest,
598 473 729 559 quando
746 473 909 556 suecrdos,
932 474 1088 564 jurisdic-

13 629 20 670 ,
98 584 225 650 tionem
241 581 346 669 reipsir
364 601 428 647 nou
447 580 584 658 hebens,
610 593 780 666 reputatur
797 595 902 648 tamen
923 583 1086 669 legitimus

28 679 33 690 ’
100 688 320 756 confessarius
336 687 377 753 ab
395 685 548 752 omnibus
572 685 621 750 rol
638 685 705 752 tere
723 687 877 754 omnibus
892 688 1006 757 ineolis
1022 690 1087 760 loci

15 870 17 882 ¹
100 796 160 864 ubi
184 795 342 884 excipitur
368 793 541 860 confessio.
556 829 601 844 -
620 793 792 859 Colorotes
816 794 933 864 dieitur
958 798 1082 880 titulus,

97 911 175 971 vere
191 903 345 982 existens,
359 901 391 968 id
408 907 546 968 estsere
562 899 697 966 collatus
713 900 888 986 'alegitimo
901 905 1084 992 superiore,

95 1009 208 1078 nullus
227 1015 305 1076 uero
330 1019 461 1097 propter
488 1006 654 1093 quoddam
681 1006 793 1073 vitium
819 1010 998 1077 oecultum.
1028 1012 1083 1080 Sic

12 1169 14 1188 r
95 1140 129 1184 v.
148 1136 182 1222 g,
205 1116 335 1182 titulum
360 1113 459 1180 lanbet
482 1114 675 1193 coloratum,
700 1114 757 1202 qui
781 1115 799 1180 ir
824 1115 1082 1210 legitimosupe·

96 1223 184 1292 riore
205 1221 347 1289 obtinuit
372 1220 500 1288 titulum
528 1219 675 1310 parochi,
704 1219 765 1288 sed
786 1221 924 1290 invalide
949 1239 1082 1316 propter

92 1329 281 1398 simoniam.
299 1330 398 1395 Porro

141 1437 362 1505 concurrente
373 1456 483 1502 errore
498 1434 664 1502 e'ommuni
679 1457 753 1502 eum
766 1436 858 1504 trtuio
867 1437 1024 1520 colorato,
1036 1439 1079 1508 ab‘

93 1543 234 1612 Ecclesia
251 1541 620 1630 consertorjurisdictio.
640 1543 768 1610 Certum
787 1545 873 1632 apud
888 1566 1021 1613 omnes:
1040 1552 1078 1614 cd

89 1652 228 1730 ratione,
241 1651 330 1740 quod
347 1650 397 1741 pia
415 1663 517 1716 mater
527 1649 679 1727 Ecclesia,
694 1671 734 1716 ne
751 1653 875 1718 tantum
893 1673 933 1729 en¹
948 1653 1077 1728 deiectu

84 1755 323 1848 jurisdictionis
339 1767 493 1842 sequntur
506 1754 736 1820 detrimentum
747 1757 945 1837 animarum,
960 1762 1077 1827 merito

89 1864 300 1955 presumitur
322 1861 583 1950 jurisdictionem
610 1861 778 1948 supplere,¹
800 1867 875 1928 eum
899 1864 932 1928 id
961 1867 1073 1952 possit.

135 1971 283 2038 Dicimus
302 1970 334 2038 i.
359 1989 471 2036 errore
487 1969 673 2033 communi:
698 1969 868 2056 Siquidem
886 1983 1011 2037 eertum
1028 1979 1077 2039 esi

87 2079 264 2148 Ecclesiam
288 2099 352 2146 non
369 2073 533 2166 supplere,
557 2075 597 2153 si,
624 2074 752 2142 deiectu
775 2077 1008 2164 jurisdictionis
1031 2080 1073 2148 ab
1116 2110 1120 2116 ’

87 2187 245 2254 omnibus
261 2185 328 2252 iere
343 2184 485 2269 cognito,
503 2183 638 2270 quidam
649 2183 782 2250 'tentum
796 2183 888 2250 ilium
904 2185 1071 2268 ignorent:

86 2307 168 2361 tune
183 2293 269 2359 enim
298 2311 362 2357 nou
380 2291 481 2357 currit
502 2290 582 2355 ratio
600 2286 723 2378 publici
741 2291 851 2358 damni
869 2292 1002 2360 uitandi.

132 2401 278 2468 Dicimus
304 2399 339 2464 2.
369 2389 579 2464 concurrente
601 2415 712 2467 errore
738 2399 904 2465 communi
931 2413 962 2466 et
979 2379 1073 2467 titulo

85 2507 248 2576 colorato:
268 2504 522 2572 controvertitur
535 2503 621 2570 enim
636 2508 746 2570 utrum·
758 2505 895 2573 Ecclesia
908 2507 1069 2596 suppleat,

84 2615 113 2682 si
137 2612 221 2680 adsit
237 2633 330 2679 error
349 2611 533 2678 conamuuis
554 2611 656 2678 solus.
686 2612 809 2695 Negant
825 2613 1069 2700 quamplurimi,

83 2729 124 2792 ea
148 2721 269 2788 scilicet
291 2718 415 2786 ratione
443 2717 533 2804 quod
557 2738 595 2784 ex
612 2718 820 2784 concessione
832 2719 1069 2804 jurisdictionis
1147 2701 1150 2708 ’

82 2826 192 2920 majus
208 2828 365 2895 damnum
386 2823 538 2892 fidelibus
555 2823 740 2914 proueniret
752 2827 850 2910 quam
868 2823 991 2892 bonum
1009 2828 1065 2910 (i).

115 3015 152 3086 (i)
166 3017 229 3070 licie
242 3014 413 3070 comaroniori
427 3013 561 3066 seritentac
571 3011 675 3077 neganti
686 3011 891 3075 jur·isdictioncm
905 3013 938 3064 ab
952 3013 1067 3066 Ecclesia

79 3096 198 3164 suppleri
218 3097 305 3148 fatere
326 3093 429 3146 ridetur
446 3093 586 3145 declaratio
599 3093 626 3142 S.
641 3091 670 3142 (t.
691 3092 769 3148 Cone.
787 3093 815 3141 ii
833 3091 964 3144 decembr.
990 3094 1065 3158 totto,

78 3191 159 3243 quam
173 3177 199 3230 iu
209 3177 339 3242 integrum
352 3189 384 3225 ex
396 3175 466 3226 Actis
480 3175 505 3224 S.
518 3175 613 3238 congr.
633 3171 713 3224 relert
729 3171 823 3224 Bened.
838 3172 901 3235 xit,
915 3175 1005 3226 Instit.
1021 3175 1065 3234 8i,

77 3273 108 3310 n.
126 3255 169 3308 22.
198 3257 234 3308 lic
261 3254 412 3319 capuceinis
436 3255 516 3316 enim,
537 3253 582 3317 qui
609 3251 746 3303 occasione
769 3251 869 3302 inbiirei
889 3253 1066 3306 confessiones

77 3342 238 3402 exceperant
251 3336 277 3386 in
287 3333 408 3386 Patauina
427 3333 533 3386 dioeccsi
546 3333 644 3398 absque
666 3331 769 3382 licentii
783 3331 914 3396 Episcopi,
931 3334 1066 3398 respondit

76 3433 127 3472 eos
150 3414 310 3469 srecuimiuur
324 3413 504 3468 coraiessioucs
516 3414 652 3478 excepisse
668 3412 691 3462 t.
710 3409 814 3478 tttter'td,
828 3411 854 3462 2.
872 3411 1002 3477 tnoclteti,
1019 3416 1065 3466 sert

74 3513 136 3554 non
151 3510 205 3552 esre
217 3489 411 3564 inquietandos
423 3495 496 3555 titos,
510 3495 559 3558 oet
570 3491 641 3548 tend
655 3491 706 3558 pec
719 3493 832 3557 conterat
840 3497 913 3548 aunt.
926 3497 1063 3560 Attamen,
1132 3561 1134 3566 Ι
