2536 3826
615 147 797 218 ..sp..

214 306 291 382 Cdco
299 321 375 397 post
391 309 537 395 primum
549 302 774 395 (Episcopum)
791 297 952 378 recaredus
969 321 1038 374 octe
1054 323 1122 372 oon
1134 325 1201 392 po-

211 428 282 496 test;
298 417 443 503 quiaquia
454 424 530 500 post
539 433 652 492 onum,
671 412 728 498 oui
741 412 831 480 solos
842 408 1020 490 accedebat,
1031 413 1202 496 [actuosae

209 524 391 610 Episcopus
397 547 411 603 ,·
426 522 569 606 conjuro
578 520 738 588 secundus
751 518 817 598 illa,
831 517 891 584 scd
904 518 1013 584 nullm
1027 527 1088 586 est.
1112 519 1201 588 tlibi

210 630 300 698 idem
315 631 407 697 Pater
423 628 533 701 docet:
558 627 765 714 Intellipnnt,
791 624 952 710 Episcopo
975 625 1075 693 emet
1091 627 1198 711 facto,

213 735 316 804 alicam
331 736 483 804 constitui
497 736 586 802 coldo
602 733 817 818 monoperae.
911 793 912 798 ,
945 781 947 788 .

256 843 454 930 Sequeretur
470 839 503 906 5.
522 838 697 920 Ecclesiam
712 857 778 904 nou
796 856 892 925 posse
904 855 1069 904 reservare
1086 835 1198 922 dignis

214 949 308 1016 sedes
335 945 554 1036 episcopales,
577 945 648 1011 illas
670 942 811 1029 indignis
833 943 1007 1029 denegare,
1031 960 1201 1032 apponere

215 1054 334 1122 limites
351 1053 590 1139 Episcopurum·
597 1047 830 1139 jurisdictioni.
843 1051 945 1118 Porro
961 1049 1032 1118 hoec
1046 1049 1105 1120 tria
1118 1062 1201 1116 sunt

215 1160 308 1228 ialsa.
322 1157 490 1244 Siquidem
510 1155 542 1222 l.
557 1157 590 1224 in
607 1154 721 1230 ordine
736 1175 804 1224 sue
817 1166 958 1244 potestas
975 1153 1076 1223 ciuilis
1096 1154 1200 1224 simili

158 1317 163 1328 .
210 1264 287 1352 iure
303 1263 438 1350 gaudem
458 1261 705 1354 arpocration
736 1261 875 1330 Ecclesia
885 1258 1050 1350 praedietis
1063 1259 1200 1348 juribm

215 1369 344 1460 pulleno
363 1369 473 1437 debet.
494 1405 538 1452 ή-
556 1369 590 1436 E.
606 1367 755 1437 Christus
782 1368 938 1456 imposuit
963 1365 1193 1436 eeclesiastico

182 1533 184 1540 .
216 1476 364 1565 potestati
391 1495 512 1549 munus
535 1473 710 1544 Ecclesiam
726 1472 878 1557 regendi3
896 1471 1033 1562 proinde
1051 1471 1201 1544 Christus

216 1569 407 1671 sibimetipsi
420 1581 677 1660 contradixisset,
695 1580 722 1650 si
740 1578 892 1668 praedicta
901 1577 990 1667 jun,
1009 1577 1099 1646 bono
1116 1581 1203 1664 regi·

219 1690 299 1756 mini
315 1688 465 1756 Ecclesiae
487 1687 680 1767 necessaria,
709 1685 857 1774 potestati
879 1685 1084 1772 denegasset.
1102 1721 1150 1736 -·-
1165 1685 1200 1752 5.

122 1807 125 1812 ’
219 1795 409 1884 Speeialitcr
436 1792 553 1862 salsum
575 1805 625 1860 est
643 1792 895 1863 Ecclesiamnco
920 1811 1015 1880 posse
1035 1813 1205 1860 reservare

219 1901 314 1967 sedes
325 1898 540 1988 episcopales.
556 1897 800 1986 llocenimjure
808 1919 937 1987 semper
946 1919 1004 1966 usa
1017 1907 1065 1966 est
1076 1899 1205 1986 absque

218 2004 284 2075 ullt
300 2003 541 2075 reclamatione.
561 2001 700 2074 Aliunde
717 2002 841 2076 Concil.
852 2005 989 2084 Nicaen.,
1002 2025 1082 2072 ean..
1094 2003 1128 2085 6,
1143 2005 1202 2072 de·

219 2110 331 2182 clarat:
344 2114 382 2184 Si
391 2113 464 2199 puis
470 2122 591 2200 proter
601 2113 835 2179 voluntatemet
847 2109 1207 2180 ooaacierctiomdlctre-

216 2219 359 2303 politoni
381 2219 536 2302 Episcopi
560 2218 661 2303 fucrit
676 2201 880 2296 'ordinatum
907 2217 991 2284 ducac
1021 2216 1207 2284 Concilium

142 2411 144 2414 Ι
220 2321 1205 2406 mupnomctaooetomccnsuitcroatdcdeoccsocEpt'scopccm.

220 2415 265 2474 -’
279 2426 357 2492 ltem
371 2425 486 2493 salsum
500 2438 548 2494 est
563 2414 737 2498 Ecclesiam
762 2449 826 2500 non
844 2447 938 2515 posse
948 2428 1100 2513 indignos
1112 2427 1207 2514 Epis-

221 2550 319 2624 copos
350 2531 530 2620 deponere.
556 2532 694 2602 Historia
722 2545 854 2601 testatur
875 2531 1209 2623 Episcoposnaereci-

221 2661 289 2720 cos,
304 2639 537 2721 schismaticos,
549 2653 604 2708 aut
616 2639 656 2708 de
672 2639 775 2726 gradu
790 2638 945 2728 deiectos,
965 2660 1004 2706 cn
1022 2639 1093 2729 ipso
1113 2661 1205 2708 sem-

220 2764 278 2832 per
304 2746 446 2832 privatds
474 2746 573 2815 luisse
602 2745 841 2818 turisdiecionts
866 2753 1036 2834 potestate.
1066 2745 1208 2818 Aliunde

222 2850 306 2914 iacto
323 2857 447 2918 constat
463 2851 636 2941 Episcopus
646 2859 733 2943 saepe
749 2852 867 2941 saepiirs
883 2852 924 2918 ab
943 2858 1008 2918 unt
1024 2852 1159 2920 dioecesi
1173 2852 1208 2918 in

223 2953 358 3022 alteram
380 2956 558 3025 transferri.
573 2959 708 3030 -ltem
730 2957 846 3026 lulsum
866 2971 915 3030 est
935 2958 1110 3032 Ecclesiam
1138 2979 1210 3025 non

223 3082 318 3150 posse
332 3062 549 3148 jurisdictioni
576 3063 694 3133 limites
712 3085 888 3154 apponere.
914 3064 1054 3134 Historia
1080 3071 1210 3132 constat

223 3165 397 3244 Ecclesiam
413 3168 501 3234 omni
522 3182 668 3257 tempere
692 3168 836 3256 potuisse
848 3168 1112 3255 jupisdictiunem
1137 3189 1210 3236 res-

223 3269 366 3354 tringere
389 3272 455 3339 sive
476 3273 585 3360 quoad
609 3272 693 3353 loca,
716 3273 782 3340 sive
802 3275 913 3362 quoad
931 3295 1102 3364 personas,
1136 3275 1208 3342 sive

225 3375 331 3456 quoad
349 3377 530 3462 objectum3
543 3379 649 3464 quoad
660 3378 749 3444 loca:
764 3399 794 3445 v.
806 3398 838 3464 g.
850 3371 1007 3460 mutando
1018 3380 1210 3450 dioeceseon

227 3474 551 3567 cucumseriptiones
570 3483 679 3569 plures
698 3484 852 3554 dioeceses
869 3485 914 3567 ad
928 3507 1025 3568 unam
1040 3487 1216 3566 dioecesim
