2562 3810
529 165 731 234 -rttss

130 317 264 402 peccata
276 309 501 378 sacerdotibus
514 319 681 390 concessa,
692 310 781 379 salus
792 294 1017 401 poenitentium
1033 333 1117 400 qno-

130 421 208 488 dam
226 419 325 486 modo
341 417 461 507 pendet
481 423 500 485 i
517 419 708 497 sacerdote;
736 439 802 484 non
827 427 935 484 antem
962 414 1117 508 pendete

130 525 301 593 sacerdote
328 533 483 614 tanquam
504 521 604 592 consi
626 523 809 614 principati,
839 545 914 612 qnae
941 531 989 592 est
1012 525 1114 604 Deos,

129 633 191 700 sed
200 640 356 720 tanquam
375 637 475 700 eausa
491 630 742 699 instrumentali.
761 633 862 700 Porro
885 631 966 698 nihil
977 632 1010 698 in
1027 630 1117 699 insti·

129 739 256 806 tntiooc
274 735 330 806 tttt
342 751 514 828 repugnat.
532 740 622 806 Deos
638 737 739 820 enirn,
761 737 854 823 origo
869 759 1021 828 suprema
1047 759 1117 825 gra·

129 846 196 923 tiae,
212 845 299 912 iilam
310 845 554 912 commonicare
579 857 685 936 potest
703 844 890 916 immediate
905 843 955 912 vei
971 845 1110 912 mediate

128 952 364 1039 peractionem
387 951 542 1017 hominis.
559 951 626 1030 Sic,
644 949 817 1017 fatentibus
840 950 984 1038 ipsismet
1002 949 1115 1018 adver·

128 1057 235 1138 soriis,
260 1057 407 1124 minister
432 1057 586 1146 baptismi
606 1065 658 1124 cst
688 1075 784 1124 erosa
802 1055 1056 1126 instrumentalis
1073 1047 1114 1125 at'l

127 1159 266 1231 satutem
279 1163 464 1230 infantiam.
1052 1181 1055 1187 ·

172 1271 219 1337 nd
234 1271 304 1339 Ῥω.
321 1273 358 1337 in
371 1271 524 1338 tribunali
542 1271 742 1340 Poenitcotire
768 1269 887 1340 adsunt
905 1291 1020 1338 omnes
1033 1291 1112 1338 con·

126 1375 268 1442 ditiones
292 1375 406 1464 judicii
429 1382 527 1466 snpra
552 1379 705 1471 expositae
724 1379 755 1447 in
780 1377 977 1465 objectione.
1013 1379 1110 1468 Reus,

126 1494 298 1550 accusator
313 1496 345 1550 et
359 1484 447 1552 testis
461 1498 509 1552 est
525 1485 703 1576 pmnitens3
718 1485 876 1554 sententia
889 1498 938 1552 est
948 1483 1113 1572 judicium

125 1590 325 1670 sacerdotis;
337 1603 560 1671 executorcst,
577 1595 645 1658 torn
671 1593 760 1659 Deos
774 1593 829 1680 qui
847 1604 947 1658 ratam
965 1591 1064 1659 habet
1078 1593 1112 1660 in

124 1695 217 1764 oociis
225 1698 421 1766 sententiam
435 1697 585 1778 ministri,
598 1703 666 1764 tiam
679 1700 840 1786 poenitcns
852 1700 908 1786 qui
919 1695 981 1764 stoi
997 1699 1112 1786 infligit

124 1823 238 1892 poenos
256 1805 452 1870 asacerdotc
466 1803 646 1892 impositas.

116 1921 120 1928 ’
168 1909 215 1976 Ad
231 1909 301 1976 5⁰¹¹.
315 1909 357 1976 En
375 1906 514 1999 eoquod
530 1910 679 1978 homines
700 1909 852 1976 hortandi
869 1909 933 1974 sint
949 1909 990 1974 acl
1008 1910 1110 1998 poeni·

113 2001 271 2096 tantiam,
290 2037 356 2083 noo
373 2018 520 2106 seqnitur
538 2017 700 2083 Christum
715 2031 779 2082 non
794 2014 994 2082 concessisse
1009 2006 1110 2102 Apos-

120 2121 198 2190 toiis
213 2143 395 2212 eorumque
412 2122 655 2190 successoribus
672 2122 856 2190 iactrltatem
877 2121 1067 2192 absolvendi
1089 2130 1108 2200 a

118 2229 275 2318 peccatis.
400 2290 403 2295 .

164 2335 211 2403 to
239 2335 310 2402 Ψ.
340 2323 493 2404 Praedicti
518 2335 659 2422 theologi
680 2342 841 2422 negarant
865 2333 1106 2404 absolutionem

118 2443 286 2512 remittere
310 2448 454 2534 peccota,
485 2444 562 2531 qnia
585 2443 665 2512 falso
688 2445 920 2534 supponebant
941 2443 982 2510 ad
999 2463 1106 2510 sacra·

1 2611 2 2624 ,
117 2564 267 2618 mentum
285 2551 486 2638 Poenitentioe
513 2551 634 2638 requiri
661 2553 889 2620 contritionem
914 2550 1103 2640 perfectam,

1 2643 2 2662 ¹
114 2675 192 2742 quac
205 2657 269 2722 vim
287 2656 385 2724 irabct
393 2657 578 2724 remittendi
593 2659 1105 2746 peccotnrnabsqnesocromcnto

116 2763 335 2843 Paenitentia}
361 2765 449 2830 node.
463 2765 704 2832 concludebant
732 2765 969 2830 absolutionem
996 2755 1104 2830 dorla*-

115 2888 191 2936 rare
208 2857 333 2936 tontinn
351 2879 481 2959 peccato
502 2893 574 2938 essc
597 2872 744 2938 remissa.
763 2871 844 2936 -t
865 2867 1010 2936 Concilio
1032 2869 1103 2936 Tri-

112 2976 251 3072 dentino
263 2999 327 3044 non
346 2977 480 3046 suerunt
495 2979 653 3056 damnati,
668 2978 743 3064 qnia
758 2978 789 3042 in
807 2997 846 3042 co
864 2983 1017 3041 statutum
1035 2986 1103 3041 erat

111 3085 273 3151 damnare
292 3087 418 3152 tantam
446 3107 574 3153 errores
604 3085 846 3152 iraercticorom.
871 3083 916 3150 to
942 3083 1101 3150 haereticis

1 3200 3 3262 ἶ
109 3199 223 3258 antem
239 3189 434 3259 differebant
451 3191 595 3280 praedicti
614 3191 770 3278 theologi,
791 3193 822 3260 in
845 3191 987 3279 eoquod
1005 3186 1099 3257 doce·

1 3289 5 3314 ³'
110 3297 191 3364 bont
218 3298 249 3365 i.
268 3300 454 3366 sacerdotes
472 3301 503 3366 in
531 3299 684 3368 tribunati
711 3299 909 3386 poenitentias
933 3319 998 3364 non
1030 3319 1100 3363 csse

1 3415 3 3424 ’
107 3401 218 3472 solnm
235 3425 404 3494 praecones
419 3407 458 3472 od
473 3405 677 3474 excitandam
694 3406 805 3493 tidem,
827 3419 863 3472 ot
878 3405 989 3471 rotant
1000 3427 1098 3495 psan-

105 3512 335 3594 rioret'ormoti
369 3510 426 3582 sed
447 3512 576 3602 judicos
603 3513 847 3602 pronuntiantes
874 3527 1003 3602 peccata
1027 3533 1097 3581 csse
