2556 3812
594 119 781 186 ...cc-2·
854 105 858 114 '

202 263 318 332 melius
354 267 438 330 essct
465 261 614 330 assistere
651 259 758 328 missu
786 257 1053 348 privatae'qudtn
1085 278 1185 351 paro·

201 371 374 546 thgr-mm
387 488 433 544 est
445 473 481 540 5·
496 475 626 543 missam
639 495 698 563 pro
715 471 878 561 aliquibus
895 470 1078 562 specialiter
1095 475 1184 544 obla-

198 601 262 654 tam
273 585 350 674 ipsis
365 583 536 673 specialius
552 583 718 672 prodesse,
730 582 804 648 licet
813 582 1001 668 ignoremus
1010 585 1182 672 quomodo

197 693 501 850 ¹d(flglttruucrtitur
525 783 633 847 utriun
663 778 759 844 missa
793 799 851 867 pro
877 775 1025 866 pluribus
1053 779 1179 868 specla-

195 891 268 958 liter
285 889 403 968 oblata,
432 888 508 978 ipsis
534 889 657 954 tantiam
682 885 794 972 prosit,
809 889 968 972 quantiam
986 886 1013 950 si
1037 886 1090 954 uni
1113 887 1178 954 soli

194 996 376 1086 specialiter
403 995 618 1084 applicaretur
647 992 705 1074 (l).
735 992 850 1058 Primo
873 991 1030 1060 sententia
1064 1002 1176 1077 negat.

195 1105 281 1189 Quia
299 1105 331 1170 l.
358 1100 544 1168 licetmissa
561 1098 649 1165 sitin
673 1119 709 1164 se
737 1095 852 1164 infiniti
874 1097 1004 1178 valoris,
1034 1111 1176 1166 attamen

193 1211 265 1300 ejus
280 1211 413 1277 allectus
430 1220 478 1274 est
490 1207 644 1273 limitatus
657 1225 695 1270 cx
712 1205 910 1274 institutione
927 1205 1057 1286 Gluisti,
1080 1205 1122 1274 na
1140 1222 1178 1274 ut

193 1335 355 1404 erupere
382 1326 515 1402 operato
541 1311 790 1380 determinatum
812 1312 970 1400 producat
997 1311 1174 1393 effectam

191 1423 267 1490 licet
283 1421 415 1488 uberior
431 1421 552 1508 percipi
569 1418 669 1508 possit
685 1417 867 1484 effcotusex
882 1439 981 1506 opere
993 1421 1172 1508 operantis,

192 1529 225 1596 id
253 1539 302 1594 est
322 1548 360 1593 ert
384 1525 595 1613 dispositione
620 1527 757 1594 ministri
784 1527 948 1594 ollercntis
974 1541 1005 1596 et
1033 1527 1174 1616 subjecti

192 1655 338 1724 proquo
362 1632 508 1699 offertur.
535 1633 569 1698 ἢ.
598 1633 777 1701 Alexander
802 1633 854 1703 Vll
876 1637 1063 1724 proscripsit
1085 1637 1173 1702 hanc

191 1739 470 1836 propositionem:
488 1739 559 1808 Non
575 1750 622 1804 cat
637 1751 751 1806 cortica
764 1741 930 1824 justitium
939 1763 1004 1827 pro
1017 1742 1171 1828 plurilus

190 1848 360 1938 sacrificiis
374 1847 570 1932 stipendium
587 1849 734 1932 occipere
749 1859 778 1912 et
793 1848 1110 1935 sucrificiumunnm‘
1120 1853 1172 1934 of-

187 1959 287 2042 [erre.
306 1956 402 2040 Engo.
429 1953 578 2022 Sccttndn
595 1953 762 2030 sententia,
780 1975 877 2040 quom
902 1956 937 2020 S.
953 1955 1170 2040 ›Ligariussn

191 2057 269 2138 512,
301 2059 378 2126 dicit
400 2058 499 2125 hodie
521 2057 786 2129 eonnnuniasinte
814 2071 996 2146 receptant,=
1018 2057 1170 2128 affirmat.

192 2165 275 2246 Quia
301 2163 507 2240 sacrificium,
526 2163 559 2228 in
579 2185 616 2229 se
634 2163 750 2230 infiniti
767 2163 896 2245 valoris,
921 2185 987 2231 non
1014 2166 1173 2234 limitatur

191 2268 299 2355 qpodd
318 2267 450 2336 enectus
475 2289 512 2334 cx
538 2269 738 2338 institutione
765 2269 894 2351 Christi,
913 2273 974 2340 sed
989 2278 1114 2340 tantiam
1133 2296 1171 2340 cr

190 2375 366 2462 capacitate
390 2374 479 2440 linita
506 2376 678 2444 hominurn
695 2397 753 2463 pro
771 2379 890 2464 quibus
907 2379 1059 2449 ollertur:
1082 2382 1170 2448 unde

189 2487 284 2568 aeque
308 2481 455 2569 pluribus
482 2483 637 2570 prodesse
652 2491 768 2570 potest,
789 2505 828 2550 ac
850 2484 875 2549 si
893 2485 951 2552 uni
967 2491 1093 2552 tantiam
1108 2507 1168 2572 ap-

189 2585 469 2674 plicandum-dd
487 2587 645 2652 cationum
663 2607 705 2652 cx·
718 2586 937 2674 propositione
952 2589 1103 2656 damnata
1116 2590 1169 2655 de·

189 2691 332 2769 ductam,
362 2689 408 2757 sic
431 2689 630 2777 respondent
651 2689 987 2770 secundaescntcntiaa
1003 2691 1166 2761 lautoresx

190 2797 221 2864 l.
246 2801 321 2866 cirin
334 2796 437 2886 prima
454 2797 611 2864 sententia
626 2818 695 2886 nou·
707 2797 748 2862 sit
765 2796 1001 2884 improbabilis,
1016 2799 1168 2866 sacerdos

187 2923 252 2968 nou
270 2914 374 2990 potest
390 2921 448 2989 pro
461 2900 619 2988 stipendio
631 2916 720 2970 certo
733 2903 891 2974 incertum
907 2903 1071 2991 applicare
1090 2905 1168 2974 inis·

187 3029 232 3073 sae
245 3006 398 3077 lauctnau.
412 3007 446 3072 ᾖ.
464 3007 669 3096 Stipendium
687 3031 752 3076 non
766 3010 860 3076 datur
873 3021 912 3076 ut
926 3011 1068 3098 pretium
1086 3011 1168 3080 lruc·

219 3205 253 3268 (n
268 3205 304 3255 ne
318 3205 366 3256 ute
380 3208 520 3270 quastione
535 3210 586 3260 uu.
599 3177 666 3262 inter
679 3212 744 3262 auos
759 3185 905 3267 cattarmtass
923 3213 969 3266 rra.
987 3215 1008 3264 rt
1023 3217 1055 3266 ce
1069 3217 1167 3276 uest,

186 3295 242 3346 cap.
266 3288 296 3344 ⁴3
321 3289 426 3350 Suarez,
449 3290 515 3354 disp.
535 3295 578 3355 tt),
604 3301 669 3345 sect.
693 3296 879 3360 1⁶23Billuart,
908 3301 939 3349 de
956 3299 1043 3350 Euan.
1071 3299 1121 3348 dis.
1140 3301 1167 3361 8,
1266 3297 1267 3300 ’

185 3371 236 3412 ιιι.
250 3367 280 3425 5;
302 3365 438 3434 Tournely,
461 3375 491 3424 dc
505 3377 590 3426 Eucti.
616 3385 706 3440 quaest.
725 3381 750 3440 8,
770 3385 819 3430 nrt.
834 3381 860 3441 6;
879 3382 969 3446 Callet,
986 3383 1018 3433 dc·
1034 3383 1121 3434 Erech.
1144 3386 1168 3433 el

188 3442 285 3503 Sami·
300 3446 356 3508 '21¹-
372 3462 428 3512 cap.
444 3454 475 3515 6;
488 3455 515 3504 S.
530 3457 586 3520 Lig.
602 3459 619 3508 l.
636 3460 677 3520 Vl,
696 3475 723 3510 n.
738 3461 798 3524 oli,
814 3469 864 3514 ete.
903 3495 907 3500 -
