<?xml version="1.0" encoding="UTF-8"?>
<!DOCTYPE html PUBLIC "-//W3C//DTD XHTML 1.0 Transitional//EN"
    "http://www.w3.org/TR/xhtml1/DTD/xhtml1-transitional.dtd">
<html xmlns="http://www.w3.org/1999/xhtml" xml:lang="en" lang="en">
 <head>
  <title>
</title>
<meta http-equiv="Content-Type" content="text/html;charset=utf-8" />
  <meta name='ocr-system' content='tesseract 3.04.00' />
  <meta name='ocr-capabilities' content='ocr_page ocr_carea ocr_par ocr_line ocrx_word'/>
</head>
<body>
  <div class='ocr_page' id='page_1' title='image "./theologiadogmat01fraigoog_0472.png"; bbox 0 0 2562 3810; ppageno 0'>
   <div class='ocr_carea' id='block_1_1' title="bbox 479 151 686 220">
    <p class='ocr_par' dir='ltr' id='par_1_1' title="bbox 479 151 686 220">
     <span class='ocr_line' id='line_1_1' title="bbox 479 151 686 220; baseline -0.014 0"><span class='ocrx_word' id='word_1_1' title='bbox 479 183 524 202; x_wconf 89' lang='lat'>·-</span> <span class='ocrx_word' id='word_1_2' title='bbox 545 151 613 220; x_wconf 74' lang='lat' dir='ltr'>att</span> <span class='ocrx_word' id='word_1_3' title='bbox 636 171 686 204; x_wconf 72' lang='lat'>-‘</span> 
     </span>
    </p>
   </div>
   <div class='ocr_carea' id='block_1_2' title="bbox 58 287 1083 2842">
    <p class='ocr_par' dir='ltr' id='par_1_2' title="bbox 89 287 1073 484">
     <span class='ocr_line' id='line_1_2' title="bbox 135 287 1073 378; baseline 0.009 -21"><span class='ocrx_word' id='word_1_4' title='bbox 135 289 183 358; x_wconf 76' lang='lat' dir='ltr'>bal</span> <span class='ocrx_word' id='word_1_5' title='bbox 198 289 254 356; x_wconf 60' lang='grc' dir='ltr'><em>Ψ</em></span> <span class='ocrx_word' id='word_1_6' title='bbox 270 288 412 356; x_wconf 88' lang='lat' dir='ltr'>scilicet:</span> <span class='ocrx_word' id='word_1_7' title='bbox 430 289 469 358; x_wconf 85' lang='lat' dir='ltr'>lu</span> <span class='ocrx_word' id='word_1_8' title='bbox 482 287 678 378; x_wconf 75' lang='lat' dir='ltr'><strong><em>quibusnam</em></strong></span> <span class='ocrx_word' id='word_1_9' title='bbox 694 291 947 363; x_wconf 76' lang='lat' dir='ltr'>circumstantiis</span> <span class='ocrx_word' id='word_1_10' title='bbox 963 305 1073 366; x_wconf 65' lang='lat' dir='ltr'>rcerrss</span> 
     </span>
     <span class='ocr_line' id='line_1_3' title="bbox 89 395 1030 484; baseline 0.005 -18"><span class='ocrx_word' id='word_1_11' title='bbox 89 395 151 466; x_wconf 72' lang='lat' dir='ltr'>atos</span> <span class='ocrx_word' id='word_1_12' title='bbox 165 398 306 483; x_wconf 75' lang='lat' dir='ltr'>simplex</span> <span class='ocrx_word' id='word_1_13' title='bbox 316 396 421 484; x_wconf 77' lang='lat' dir='ltr'>posuit</span> <span class='ocrx_word' id='word_1_14' title='bbox 433 398 589 466; x_wconf 74' lang='lat' dir='ltr'>indirecte</span> <span class='ocrx_word' id='word_1_15' title='bbox 604 399 806 466; x_wconf 77' lang='lat' dir='ltr'>obsolvereb</span> <span class='ocrx_word' id='word_1_16' title='bbox 820 405 1030 470; x_wconf 80' lang='lat' dir='ltr'>reservatis?</span> 
     </span>
    </p>

    <p class='ocr_par' dir='ltr' id='par_1_3' title="bbox 58 493 1083 2842">
     <span class='ocr_line' id='line_1_4' title="bbox 136 493 1073 600; baseline 0.012 -30"><span class='ocrx_word' id='word_1_17' title='bbox 136 503 236 590; x_wconf 80' lang='lat' dir='ltr'>licop.</span> <span class='ocrx_word' id='word_1_18' title='bbox 258 523 334 570; x_wconf 87' lang='lat' dir='ltr'>eura</span> <span class='ocrx_word' id='word_1_19' title='bbox 354 503 389 571; x_wconf 84' lang='lat' dir='ltr'>S.</span> <span class='ocrx_word' id='word_1_20' title='bbox 408 503 477 590; x_wconf 80' lang='lat' dir='ltr'>lig.</span> <span class='ocrx_word' id='word_1_21' title='bbox 499 517 530 572; x_wconf 90' lang='lat' dir='ltr'>et</span> <span class='ocrx_word' id='word_1_22' title='bbox 551 503 730 574; x_wconf 87' lang='lat' dir='ltr'>communi.</span> <span class='ocrx_word' id='word_1_23' title='bbox 759 507 916 576; x_wconf 73' lang='lat' dir='ltr'>Sacerdos</span> <span class='ocrx_word' id='word_1_24' title='bbox 937 493 1073 600; x_wconf 79' lang='lat' dir='ltr'><strong>simplex</strong></span> 
     </span>
     <span class='ocr_line' id='line_1_5' title="bbox 90 610 1074 706; baseline 0.01 -30"><span class='ocrx_word' id='word_1_25' title='bbox 90 623 198 702; x_wconf 87' lang='lat' dir='ltr'>potest</span> <span class='ocrx_word' id='word_1_26' title='bbox 212 610 380 678; x_wconf 82' lang='lat' dir='ltr'>absolvere</span> <span class='ocrx_word' id='word_1_27' title='bbox 403 611 559 678; x_wconf 78' lang='lat' dir='ltr'>indirecte</span> <span class='ocrx_word' id='word_1_28' title='bbox 574 616 592 678; x_wconf 82' lang='lat' dir='ltr'>i</span> <span class='ocrx_word' id='word_1_29' title='bbox 609 613 800 680; x_wconf 73' lang='lat' dir='ltr'><strong>reservatis:</strong></span> <span class='ocrx_word' id='word_1_30' title='bbox 826 615 861 680; x_wconf 74' lang='lat' dir='ltr'>l⁰&#39;</span> <span class='ocrx_word' id='word_1_31' title='bbox 877 616 904 683; x_wconf 93' lang='lat' dir='ltr'>si</span> <span class='ocrx_word' id='word_1_32' title='bbox 925 619 1074 706; x_wconf 81' lang='lat' dir='ltr'>superior</span> 
     </span>
     <span class='ocr_line' id='line_1_6' title="bbox 89 715 1070 812; baseline 0.01 -28"><span class='ocrx_word' id='word_1_33' title='bbox 89 729 232 804; x_wconf 82' lang='lat' dir='ltr'>nequeat</span> <span class='ocrx_word' id='word_1_34' title='bbox 246 715 328 784; x_wconf 86' lang='lat' dir='ltr'>adiri</span> <span class='ocrx_word' id='word_1_35' title='bbox 344 717 468 804; x_wconf 81' lang='lat' dir='ltr'>absque</span> <span class='ocrx_word' id='word_1_36' title='bbox 483 717 572 804; x_wconf 76' lang='lat' dir='ltr'>gravi</span> <span class='ocrx_word' id='word_1_37' title='bbox 595 719 814 798; x_wconf 88' lang='lat' dir='ltr'>incommodo,</span> <span class='ocrx_word' id='word_1_38' title='bbox 840 722 907 789; x_wconf 87' lang='lat' dir='ltr'>sive</span> <span class='ocrx_word' id='word_1_39' title='bbox 924 723 1070 812; x_wconf 85' lang='lat' dir='ltr'>physico,</span> 
     </span>
     <span class='ocr_line' id='line_1_7' title="bbox 92 821 1072 916; baseline 0.009 -26"><span class='ocrx_word' id='word_1_40' title='bbox 92 823 160 890; x_wconf 84' lang='lat' dir='ltr'>sire</span> <span class='ocrx_word' id='word_1_41' title='bbox 173 821 305 900; x_wconf 81' lang='lat' dir='ltr'>morali3</span> <span class='ocrx_word' id='word_1_42' title='bbox 324 835 356 890; x_wconf 87' lang='lat' dir='ltr'>et</span> <span class='ocrx_word' id='word_1_43' title='bbox 375 843 414 889; x_wconf 84' lang='lat' dir='ltr'>ar</span> <span class='ocrx_word' id='word_1_44' title='bbox 437 821 497 888; x_wconf 79' lang='lat' dir='ltr'>alii</span> <span class='ocrx_word' id='word_1_45' title='bbox 511 823 719 912; x_wconf 72' lang='lat' dir='ltr'>partegrads</span> <span class='ocrx_word' id='word_1_46' title='bbox 736 839 972 910; x_wconf 76' lang='lat' dir='ltr'>aegerrimam,</span> <span class='ocrx_word' id='word_1_47' title='bbox 988 852 1020 898; x_wconf 88' lang='lat' dir='ltr'>v.</span> <span class='ocrx_word' id='word_1_48' title='bbox 1038 851 1072 916; x_wconf 77' lang='lat' dir='ltr'>g.</span> 
     </span>
     <span class='ocr_line' id='line_1_8' title="bbox 93 928 1075 1018; baseline 0.004 -20"><span class='ocrx_word' id='word_1_49' title='bbox 93 928 276 1018; x_wconf 88' lang='lat' dir='ltr'>periculum</span> <span class='ocrx_word' id='word_1_50' title='bbox 292 928 433 996; x_wconf 76' lang='lat' dir='ltr'><strong>infamiae</strong></span> <span class='ocrx_word' id='word_1_51' title='bbox 450 941 506 995; x_wconf 88' lang='lat' dir='ltr'>aut</span> <span class='ocrx_word' id='word_1_52' title='bbox 520 929 664 996; x_wconf 76' lang='lat' dir='ltr'>scandali</span> <span class='ocrx_word' id='word_1_53' title='bbox 682 951 720 998; x_wconf 86' lang='lat' dir='ltr'>ex</span> <span class='ocrx_word' id='word_1_54' title='bbox 741 930 916 998; x_wconf 87' lang='lat' dir='ltr'>omissione</span> <span class='ocrx_word' id='word_1_55' title='bbox 932 934 1075 1002; x_wconf 90' lang='lat' dir='ltr'>celebra·</span> 
     </span>
     <span class='ocr_line' id='line_1_9' title="bbox 92 1036 1075 1130; baseline 0.01 -29"><span class='ocrx_word' id='word_1_56' title='bbox 92 1037 190 1104; x_wconf 89' lang='lat' dir='ltr'>tionis</span> <span class='ocrx_word' id='word_1_57' title='bbox 204 1045 261 1102; x_wconf 89' lang='lat' dir='ltr'>aut</span> <span class='ocrx_word' id='word_1_58' title='bbox 277 1037 530 1117; x_wconf 87' lang='lat' dir='ltr'>communionis,</span> <span class='ocrx_word' id='word_1_59' title='bbox 553 1036 603 1104; x_wconf 86' lang='lat' dir='ltr'>vel</span> <span class='ocrx_word' id='word_1_60' title='bbox 623 1037 797 1104; x_wconf 74' lang='lat' dir='ltr'>necessitas</span> <span class='ocrx_word' id='word_1_61' title='bbox 820 1039 976 1128; x_wconf 91' lang='lat' dir='ltr'>implendi</span> <span class='ocrx_word' id='word_1_62' title='bbox 994 1063 1075 1130; x_wconf 82' lang='lat' dir='ltr'>prte-</span> 
     </span>
     <span class='ocr_line' id='line_1_10' title="bbox 92 1141 1083 1234; baseline 0.005 -24"><span class='ocrx_word' id='word_1_63' title='bbox 92 1156 223 1232; x_wconf 88' lang='lat' dir='ltr'>ceptum</span> <span class='ocrx_word' id='word_1_64' title='bbox 240 1163 358 1212; x_wconf 83' lang='lat' dir='ltr'>annuae</span> <span class='ocrx_word' id='word_1_65' title='bbox 370 1141 596 1224; x_wconf 74' lang='lat' dir='ltr'>confessionis,</span> <span class='ocrx_word' id='word_1_66' title='bbox 609 1142 660 1208; x_wconf 84' lang='lat' dir='ltr'>rel</span> <span class='ocrx_word' id='word_1_67' title='bbox 673 1142 769 1210; x_wconf 89' lang='lat' dir='ltr'>timor</span> <span class='ocrx_word' id='word_1_68' title='bbox 781 1165 822 1210; x_wconf 89' lang='lat' dir='ltr'>ne</span> <span class='ocrx_word' id='word_1_69' title='bbox 836 1145 995 1234; x_wconf 85' lang='lat' dir='ltr'>poenitens</span> <span class='ocrx_word' id='word_1_70' title='bbox 1006 1147 1083 1215; x_wconf 64' lang='lat' dir='ltr'>dirr-¹</span> 
     </span>
     <span class='ocr_line' id='line_1_11' title="bbox 91 1248 1075 1340; baseline 0.006 -24"><span class='ocrx_word' id='word_1_71' title='bbox 91 1251 156 1318; x_wconf 83' lang='lat' dir='ltr'>tiiss</span> <span class='ocrx_word' id='word_1_72' title='bbox 168 1264 352 1340; x_wconf 84' lang='lat' dir='ltr'>perseveret</span> <span class='ocrx_word' id='word_1_73' title='bbox 365 1250 396 1315; x_wconf 90' lang='lat' dir='ltr'>in</span> <span class='ocrx_word' id='word_1_74' title='bbox 410 1260 543 1336; x_wconf 87' lang='lat' dir='ltr'>peccato</span> <span class='ocrx_word' id='word_1_75' title='bbox 556 1248 684 1316; x_wconf 76' lang='lat' dir='ltr'>mortali</span> <span class='ocrx_word' id='word_1_76' title='bbox 697 1271 707 1328; x_wconf 79' lang='lat'>3</span> <span class='ocrx_word' id='word_1_77' title='bbox 725 1249 763 1314; x_wconf 66' lang='lat'>2⁰</span> <span class='ocrx_word' id='word_1_78' title='bbox 776 1249 802 1315; x_wconf 91' lang='lat' dir='ltr'>si</span> <span class='ocrx_word' id='word_1_79' title='bbox 818 1252 976 1339; x_wconf 87' lang='lat' dir='ltr'>poenitens</span> <span class='ocrx_word' id='word_1_80' title='bbox 989 1255 1075 1322; x_wconf 78' lang='lat' dir='ltr'>bona</span> 
     </span>
     <span class='ocr_line' id='line_1_12' title="bbox 92 1355 1078 1450; baseline 0.004 -23"><span class='ocrx_word' id='word_1_81' title='bbox 92 1359 158 1428; x_wconf 84' lang='lat' dir='ltr'>fide</span> <span class='ocrx_word' id='word_1_82' title='bbox 173 1359 364 1426; x_wconf 82' lang='lat' dir='ltr'>confiteatur</span> <span class='ocrx_word' id='word_1_83' title='bbox 375 1355 514 1446; x_wconf 82' lang='lat' dir='ltr'><strong>simplici</strong></span> <span class='ocrx_word' id='word_1_84' title='bbox 525 1356 685 1424; x_wconf 84' lang='lat' dir='ltr'>sacerdoti</span> <span class='ocrx_word' id='word_1_85' title='bbox 696 1375 761 1426; x_wconf 87' lang='lat' dir='ltr'>non</span> <span class='ocrx_word' id='word_1_86' title='bbox 772 1358 950 1427; x_wconf 73' lang='lat' dir='ltr'>advertenti</span> <span class='ocrx_word' id='word_1_87' title='bbox 966 1379 1078 1450; x_wconf 86' lang='lat' dir='ltr'>pecca·</span> 
     </span>
     <span class='ocr_line' id='line_1_13' title="bbox 91 1463 1074 1558; baseline 0.004 -26"><span class='ocrx_word' id='word_1_88' title='bbox 91 1479 160 1532; x_wconf 90' lang='lat' dir='ltr'>tum</span> <span class='ocrx_word' id='word_1_89' title='bbox 177 1485 248 1532; x_wconf 86' lang='lat' dir='ltr'>esse</span> <span class='ocrx_word' id='word_1_90' title='bbox 264 1471 479 1542; x_wconf 77' lang='lat' dir='ltr'>reservatum3</span> <span class='ocrx_word' id='word_1_91' title='bbox 498 1475 554 1530; x_wconf 88' lang='lat' dir='ltr'>aut</span> <span class='ocrx_word' id='word_1_92' title='bbox 569 1463 596 1530; x_wconf 90' lang='lat' dir='ltr'>si</span> <span class='ocrx_word' id='word_1_93' title='bbox 606 1463 765 1552; x_wconf 74' lang='lat' dir='ltr'>paenitens</span> <span class='ocrx_word' id='word_1_94' title='bbox 784 1466 970 1536; x_wconf 80' lang='lat' dir='ltr'>confitendo</span> <span class='ocrx_word' id='word_1_95' title='bbox 987 1471 1074 1558; x_wconf 89' lang='lat' dir='ltr'>apud</span> 
     </span>
     <span class='ocr_line' id='line_1_14' title="bbox 92 1566 1082 1662; baseline 0.006 -24"><span class='ocrx_word' id='word_1_96' title='bbox 92 1570 273 1659; x_wconf 84' lang='lat' dir='ltr'><strong>simplicem</strong></span> <span class='ocrx_word' id='word_1_97' title='bbox 297 1567 500 1638; x_wconf 67' lang='lat' dir='ltr'>sacerdotem</span> <span class='ocrx_word' id='word_1_98' title='bbox 527 1568 689 1658; x_wconf 79' lang='lat' dir='ltr'>inculpati</span> <span class='ocrx_word' id='word_1_99' title='bbox 711 1569 921 1640; x_wconf 83' lang='lat' dir='ltr'>obliviscatur</span> <span class='ocrx_word' id='word_1_100' title='bbox 955 1566 1082 1662; x_wconf 83' lang='lat' dir='ltr'>peceati</span> 
     </span>
     <span class='ocr_line' id='line_1_15' title="bbox 92 1677 323 1759; baseline -0.009 -13"><span class='ocrx_word' id='word_1_101' title='bbox 92 1678 248 1746; x_wconf 83' lang='lat' dir='ltr'>reservati</span> <span class='ocrx_word' id='word_1_102' title='bbox 265 1677 323 1759; x_wconf 88' lang='lat' dir='ltr'>(l).</span> 
     </span>
     <span class='ocr_line' id='line_1_16' title="bbox 58 1779 1075 1871; baseline 0.003 -21"><span class='ocrx_word' id='word_1_103' title='bbox 58 1815 67 1828; x_wconf 94' lang='lat'><em>·</em></span> <span class='ocrx_word' id='word_1_104' title='bbox 140 1783 276 1852; x_wconf 79' lang='lat' dir='ltr'>Obseru.</span> <span class='ocrx_word' id='word_1_105' title='bbox 290 1785 327 1850; x_wconf 90' lang='lat' dir='ltr'>ln</span> <span class='ocrx_word' id='word_1_106' title='bbox 341 1781 502 1871; x_wconf 68' lang='lat' dir='ltr'>predictis</span> <span class='ocrx_word' id='word_1_107' title='bbox 513 1779 655 1860; x_wconf 83' lang='lat' dir='ltr'>casibus,</span> <span class='ocrx_word' id='word_1_108' title='bbox 671 1781 903 1868; x_wconf 86' lang='lat' dir='ltr'>impedimento</span> <span class='ocrx_word' id='word_1_109' title='bbox 916 1799 1075 1867; x_wconf 81' lang='lat' dir='ltr'>cessante,</span> 
     </span>
     <span class='ocr_line' id='line_1_17' title="bbox 89 1885 1077 1976; baseline -0.001 -17"><span class='ocrx_word' id='word_1_110' title='bbox 89 1891 142 1959; x_wconf 83' lang='lat' dir='ltr'>rel</span> <span class='ocrx_word' id='word_1_111' title='bbox 155 1892 282 1958; x_wconf 88' lang='lat' dir='ltr'>detecto</span> <span class='ocrx_word' id='word_1_112' title='bbox 292 1890 420 1957; x_wconf 86' lang='lat' dir='ltr'>delectu</span> <span class='ocrx_word' id='word_1_113' title='bbox 434 1885 658 1966; x_wconf 77' lang='lat' dir='ltr'>confessionis,</span> <span class='ocrx_word' id='word_1_114' title='bbox 676 1899 803 1953; x_wconf 89' lang='lat' dir='ltr'>tenetur</span> <span class='ocrx_word' id='word_1_115' title='bbox 815 1888 974 1976; x_wconf 76' lang='lat' dir='ltr'>poenitens</span> <span class='ocrx_word' id='word_1_116' title='bbox 987 1891 1077 1958; x_wconf 89' lang='lat' dir='ltr'>adire</span> 
     </span>
     <span class='ocr_line' id='line_1_18' title="bbox 90 1993 1077 2088; baseline -0.003 -21"><span class='ocrx_word' id='word_1_117' title='bbox 90 1999 295 2088; x_wconf 85' lang='lat' dir='ltr'>superiorem</span> <span class='ocrx_word' id='word_1_118' title='bbox 311 2005 366 2064; x_wconf 85' lang='lat' dir='ltr'>aui</span> <span class='ocrx_word' id='word_1_119' title='bbox 382 1993 615 2065; x_wconf 78' lang='lat' dir='ltr'>confessarium</span> <span class='ocrx_word' id='word_1_120' title='bbox 633 2015 727 2060; x_wconf 90' lang='lat' dir='ltr'>casus</span> <span class='ocrx_word' id='word_1_121' title='bbox 746 2004 926 2062; x_wconf 86' lang='lat' dir='ltr'>reservatos</span> <span class='ocrx_word' id='word_1_122' title='bbox 953 1997 1077 2064; x_wconf 87' lang='lat' dir='ltr'>haben·</span> 
     </span>
     <span class='ocr_line' id='line_1_19' title="bbox 89 2101 1076 2190; baseline -0.002 -16"><span class='ocrx_word' id='word_1_123' title='bbox 89 2121 171 2186; x_wconf 89' lang='lat' dir='ltr'>tem,</span> <span class='ocrx_word' id='word_1_124' title='bbox 190 2113 256 2173; x_wconf 81' lang='lat' dir='ltr'>uta</span> <span class='ocrx_word' id='word_1_125' title='bbox 275 2104 444 2175; x_wconf 84' lang='lat' dir='ltr'>reservatis</span> <span class='ocrx_word' id='word_1_126' title='bbox 472 2103 593 2170; x_wconf 78' lang='lat' dir='ltr'>directe</span> <span class='ocrx_word' id='word_1_127' title='bbox 610 2101 806 2167; x_wconf 85' lang='lat' dir='ltr'>absolvatur.</span> <span class='ocrx_word' id='word_1_128' title='bbox 836 2101 984 2190; x_wconf 77' lang='lat' dir='ltr'>Alioquin</span> <span class='ocrx_word' id='word_1_129' title='bbox 1003 2105 1076 2172; x_wconf 79' lang='lat' dir='ltr'>iuris</span> 
     </span>
     <span class='ocr_line' id='line_1_20' title="bbox 89 2207 1076 2302; baseline -0.005 -21"><span class='ocrx_word' id='word_1_130' title='bbox 89 2213 320 2282; x_wconf 82' lang='lat' dir='ltr'>reservationis</span> <span class='ocrx_word' id='word_1_131' title='bbox 336 2233 400 2278; x_wconf 91' lang='lat' dir='ltr'>nou</span> <span class='ocrx_word' id='word_1_132' title='bbox 417 2209 631 2277; x_wconf 84' lang='lat' dir='ltr'>obtineretur.</span> <span class='ocrx_word' id='word_1_133' title='bbox 646 2207 802 2302; x_wconf 51' lang='lat' dir='ltr'>¹Superior</span> <span class='ocrx_word' id='word_1_134' title='bbox 814 2207 901 2274; x_wconf 90' lang='lat' dir='ltr'>enim</span> <span class='ocrx_word' id='word_1_135' title='bbox 918 2209 1003 2276; x_wconf 82' lang='lat' dir='ltr'>luco</span> <span class='ocrx_word' id='word_1_136' title='bbox 1014 2209 1076 2276; x_wconf 87' lang='lat' dir='ltr'>sibi</span> 
     </span>
     <span class='ocr_line' id='line_1_21' title="bbox 88 2313 1078 2408; baseline -0.004 -18"><span class='ocrx_word' id='word_1_137' title='bbox 88 2321 144 2390; x_wconf 85' lang='lat' dir='ltr'>rel</span> <span class='ocrx_word' id='word_1_138' title='bbox 159 2319 364 2388; x_wconf 71' lang='lat' dir='ltr'>confess-ariis</span> <span class='ocrx_word' id='word_1_139' title='bbox 383 2317 564 2408; x_wconf 83' lang='lat' dir='ltr'>specialiter</span> <span class='ocrx_word' id='word_1_140' title='bbox 581 2313 736 2400; x_wconf 80' lang='lat' dir='ltr'>delegatis</span> <span class='ocrx_word' id='word_1_141' title='bbox 752 2317 925 2383; x_wconf 85' lang='lat' dir='ltr'>reservarit</span> <span class='ocrx_word' id='word_1_142' title='bbox 945 2316 1078 2396; x_wconf 79' lang='lat' dir='ltr'>absulu-</span> 
     </span>
     <span class='ocr_line' id='line_1_22' title="bbox 89 2422 1078 2514; baseline -0.003 -19"><span class='ocrx_word' id='word_1_143' title='bbox 89 2429 215 2495; x_wconf 86' lang='lat' dir='ltr'>tionem</span> <span class='ocrx_word' id='word_1_144' title='bbox 230 2425 418 2514; x_wconf 76' lang='lat' dir='ltr'>bujusmodi</span> <span class='ocrx_word' id='word_1_145' title='bbox 439 2436 660 2513; x_wconf 88' lang='lat' dir='ltr'>pcccatorum,</span> <span class='ocrx_word' id='word_1_146' title='bbox 679 2434 714 2490; x_wconf 93' lang='lat' dir='ltr'>ut</span> <span class='ocrx_word' id='word_1_147' title='bbox 737 2422 901 2491; x_wconf 75' lang='lat' dir='ltr'>diffieilior</span> <span class='ocrx_word' id='word_1_148' title='bbox 921 2427 1078 2494; x_wconf 81' lang='lat' dir='ltr'>evaderet</span> 
     </span>
     <span class='ocr_line' id='line_1_23' title="bbox 86 2533 1075 2622; baseline -0.004 -17"><span class='ocrx_word' id='word_1_149' title='bbox 86 2557 206 2605; x_wconf 83' lang='lat' dir='ltr'>eorum</span> <span class='ocrx_word' id='word_1_150' title='bbox 227 2534 402 2614; x_wconf 83' lang='lat' dir='ltr'>absolutio,</span> <span class='ocrx_word' id='word_1_151' title='bbox 422 2533 679 2622; x_wconf 80' lang='lat' dir='ltr'>poenitentesque</span> <span class='ocrx_word' id='word_1_152' title='bbox 699 2533 946 2601; x_wconf 87' lang='lat' dir='ltr'>convenientem</span> <span class='ocrx_word' id='word_1_153' title='bbox 972 2535 1075 2602; x_wconf 90' lang='lat' dir='ltr'>medi·</span> 
     </span>
     <span class='ocr_line' id='line_1_24' title="bbox 87 2639 1077 2735; baseline -0.004 -22"><span class='ocrx_word' id='word_1_154' title='bbox 87 2645 198 2713; x_wconf 84' lang='lat' dir='ltr'>einum</span> <span class='ocrx_word' id='word_1_155' title='bbox 210 2651 245 2711; x_wconf 81' lang='lat' dir='ltr'>et</span> <span class='ocrx_word' id='word_1_156' title='bbox 257 2643 476 2735; x_wconf 72' lang='lat' dir='ltr'>poeniteutiam</span> <span class='ocrx_word' id='word_1_157' title='bbox 493 2641 686 2729; x_wconf 88' lang='lat' dir='ltr'>reciperent.</span> <span class='ocrx_word' id='word_1_158' title='bbox 696 2675 743 2688; x_wconf 90' lang='lat'>—-</span> <span class='ocrx_word' id='word_1_159' title='bbox 755 2639 834 2708; x_wconf 88' lang='lat' dir='ltr'>llinc</span> <span class='ocrx_word' id='word_1_160' title='bbox 844 2641 940 2707; x_wconf 89' lang='lat' dir='ltr'>etiam</span> <span class='ocrx_word' id='word_1_161' title='bbox 950 2643 1077 2710; x_wconf 85' lang='lat' dir='ltr'>conlas-</span> 
     </span>
     <span class='ocr_line' id='line_1_25' title="bbox 89 2745 1077 2842; baseline -0.003 -21"><span class='ocrx_word' id='word_1_162' title='bbox 89 2753 197 2821; x_wconf 84' lang='lat' dir='ltr'>sarius</span> <span class='ocrx_word' id='word_1_163' title='bbox 222 2751 357 2842; x_wconf 85' lang='lat' dir='ltr'>simplex</span> <span class='ocrx_word' id='word_1_164' title='bbox 374 2751 406 2817; x_wconf 94' lang='lat' dir='ltr'>in</span> <span class='ocrx_word' id='word_1_165' title='bbox 425 2749 588 2839; x_wconf 81' lang='lat' dir='ltr'>praecitato</span> <span class='ocrx_word' id='word_1_166' title='bbox 613 2745 812 2814; x_wconf 84' lang='lat' dir='ltr'>necessitatis</span> <span class='ocrx_word' id='word_1_167' title='bbox 837 2767 928 2826; x_wconf 87' lang='lat' dir='ltr'>casu,</span> <span class='ocrx_word' id='word_1_168' title='bbox 946 2750 1077 2818; x_wconf 83' lang='lat' dir='ltr'>nonnisi</span> 
     </span>
    </p>
   </div>
   <div class='ocr_carea' id='block_1_3' title="bbox 87 2931 1078 3591">
    <p class='ocr_par' dir='ltr' id='par_1_4' title="bbox 87 2931 1078 3418">
     <span class='ocr_line' id='line_1_26' title="bbox 88 2931 1075 3006; baseline -0.012 -12"><span class='ocrx_word' id='word_1_169' title='bbox 88 2943 150 3006; x_wconf 62' lang='lat'>553</span> <span class='ocrx_word' id='word_1_170' title='bbox 165 2941 289 3004; x_wconf 77' lang='lat' dir='ltr'>Ferraris,</span> <span class='ocrx_word' id='word_1_171' title='bbox 303 2939 375 2992; x_wconf 78' lang='lat' dir='ltr'>verb.</span> <span class='ocrx_word' id='word_1_172' title='bbox 392 2936 555 2994; x_wconf 70' lang='lat' dir='ltr'>normantia,</span> <span class='ocrx_word' id='word_1_173' title='bbox 570 2945 596 2988; x_wconf 84' lang='lat' dir='ltr'>n.</span> <span class='ocrx_word' id='word_1_174' title='bbox 611 2933 641 2984; x_wconf 78' lang='lat' dir='ltr'>ot</span> <span class='ocrx_word' id='word_1_175' title='bbox 659 2937 764 2994; x_wconf 87' lang='lat' dir='ltr'>etseq.;</span> <span class='ocrx_word' id='word_1_176' title='bbox 780 2931 805 2984; x_wconf 85' lang='lat' dir='ltr'>S.</span> <span class='ocrx_word' id='word_1_177' title='bbox 817 2931 872 2996; x_wconf 77' lang='lat' dir='ltr'>Ltg.</span> <span class='ocrx_word' id='word_1_178' title='bbox 888 2945 916 2984; x_wconf 83' lang='lat' dir='ltr'>n.</span> <span class='ocrx_word' id='word_1_179' title='bbox 931 2933 992 2994; x_wconf 69' lang='lat' dir='ltr'>littei,</span> <span class='ocrx_word' id='word_1_180' title='bbox 1007 2939 1034 2984; x_wconf 88' lang='lat' dir='ltr'>ct</span> <span class='ocrx_word' id='word_1_181' title='bbox 1047 2949 1075 2985; x_wconf 89' lang='lat' dir='ltr'>n.</span> 
     </span>
     <span class='ocr_line' id='line_1_27' title="bbox 87 3014 1076 3089; baseline -0.008 -12"><span class='ocrx_word' id='word_1_182' title='bbox 87 3025 152 3084; x_wconf 84' lang='grc'>596,</span> <span class='ocrx_word' id='word_1_183' title='bbox 167 3023 193 3074; x_wconf 89' lang='lat' dir='ltr'>in</span> <span class='ocrx_word' id='word_1_184' title='bbox 208 3025 281 3089; x_wconf 85' lang='lat' dir='ltr'>cujas</span> <span class='ocrx_word' id='word_1_185' title='bbox 298 3023 348 3074; x_wconf 88' lang='lat' dir='ltr'>lina</span> <span class='ocrx_word' id='word_1_186' title='bbox 365 3022 403 3074; x_wconf 91' lang='lat' dir='ltr'>sic</span> <span class='ocrx_word' id='word_1_187' title='bbox 426 3017 556 3072; x_wconf 88' lang='lat' dir='ltr'>concludit</span> <span class='ocrx_word' id='word_1_188' title='bbox 571 3031 577 3067; x_wconf 91' lang='lat'><strong>:</strong></span> <span class='ocrx_word' id='word_1_189' title='bbox 599 3034 610 3064; x_wconf 80' lang='lat' dir='ltr'>u</span> <span class='ocrx_word' id='word_1_190' title='bbox 626 3017 688 3066; x_wconf 80' lang='lat' dir='ltr'>(liam</span> <span class='ocrx_word' id='word_1_191' title='bbox 702 3014 756 3064; x_wconf 78' lang='lat' dir='ltr'>lraec</span> <span class='ocrx_word' id='word_1_192' title='bbox 766 3015 893 3064; x_wconf 82' lang='lat' dir='ltr'>sententia</span> <span class='ocrx_word' id='word_1_193' title='bbox 908 3015 942 3065; x_wconf 89' lang='lat' dir='ltr'>sit</span> <span class='ocrx_word' id='word_1_194' title='bbox 953 3029 1076 3070; x_wconf 82' lang='lat' dir='ltr'>murmu-</span> 
     </span>
     <span class='ocr_line' id='line_1_28' title="bbox 90 3095 1078 3170; baseline -0.005 -14"><span class='ocrx_word' id='word_1_195' title='bbox 90 3126 103 3156; x_wconf 78' lang='lat' dir='ltr'>s</span> <span class='ocrx_word' id='word_1_196' title='bbox 124 3108 180 3170; x_wconf 76' lang='lat' dir='ltr'>uir,</span> <span class='ocrx_word' id='word_1_197' title='bbox 194 3113 224 3158; x_wconf 93' lang='lat' dir='ltr'>ut</span> <span class='ocrx_word' id='word_1_198' title='bbox 235 3106 396 3170; x_wconf 84' lang='lat' dir='ltr'>lutetaripse</span> <span class='ocrx_word' id='word_1_199' title='bbox 410 3104 530 3162; x_wconf 79' lang='lat' dir='ltr'>Antoine,</span> <span class='ocrx_word' id='word_1_200' title='bbox 545 3106 574 3152; x_wconf 88' lang='lat' dir='ltr'>et</span> <span class='ocrx_word' id='word_1_201' title='bbox 584 3095 662 3150; x_wconf 80' lang='lat' dir='ltr'>uolui</span> <span class='ocrx_word' id='word_1_202' title='bbox 676 3097 838 3162; x_wconf 78' lang='lat' dir='ltr'>probabilis.</span> <span class='ocrx_word' id='word_1_203' title='bbox 857 3097 908 3147; x_wconf 82' lang='lat' dir='ltr'>imi</span> <span class='ocrx_word' id='word_1_204' title='bbox 922 3099 993 3150; x_wconf 77' lang='lat' dir='ltr'>certi</span> <span class='ocrx_word' id='word_1_205' title='bbox 1007 3111 1078 3163; x_wconf 85' lang='lat' dir='ltr'>pro·</span> 
     </span>
     <span class='ocr_line' id='line_1_29' title="bbox 89 3177 1078 3252; baseline -0.004 -14"><span class='ocrx_word' id='word_1_206' title='bbox 89 3191 255 3252; x_wconf 61' lang='lat' dir='ltr'>»bubiiiom</span> <span class='ocrx_word' id='word_1_207' title='bbox 272 3185 519 3252; x_wconf 81' lang='lat' dir='ltr'>utdlximus,beue</span> <span class='ocrx_word' id='word_1_208' title='bbox 545 3190 632 3250; x_wconf 84' lang='lat' dir='ltr'>potest</span> <span class='ocrx_word' id='word_1_209' title='bbox 644 3177 738 3234; x_wconf 85' lang='lat' dir='ltr'>deduci</span> <span class='ocrx_word' id='word_1_210' title='bbox 762 3179 788 3229; x_wconf 91' lang='lat' dir='ltr'>in</span> <span class='ocrx_word' id='word_1_211' title='bbox 816 3181 933 3244; x_wconf 79' lang='lat' dir='ltr'>pranlm3</span> <span class='ocrx_word' id='word_1_212' title='bbox 960 3195 1029 3244; x_wconf 86' lang='lat' dir='ltr'>nam,</span> <span class='ocrx_word' id='word_1_213' title='bbox 1048 3189 1078 3234; x_wconf 90' lang='lat' dir='ltr'>ut</span> 
     </span>
     <span class='ocr_line' id='line_1_30' title="bbox 89 3262 1075 3338; baseline -0.004 -17"><span class='ocrx_word' id='word_1_214' title='bbox 89 3289 102 3321; x_wconf 73' lang='lat' dir='ltr'>a</span> <span class='ocrx_word' id='word_1_215' title='bbox 123 3272 290 3338; x_wconf 75' lang='lat' dir='ltr'>probavimus</span> <span class='ocrx_word' id='word_1_216' title='bbox 308 3285 334 3323; x_wconf 90' lang='lat' dir='ltr'>n.</span> <span class='ocrx_word' id='word_1_217' title='bbox 353 3271 413 3333; x_wconf 71' lang='lat'>575,</span> <span class='ocrx_word' id='word_1_218' title='bbox 435 3277 476 3321; x_wconf 85' lang='lat' dir='ltr'>est</span> <span class='ocrx_word' id='word_1_219' title='bbox 496 3262 628 3320; x_wconf 85' lang='lat' dir='ltr'>moraliter</span> <span class='ocrx_word' id='word_1_220' title='bbox 654 3270 763 3325; x_wconf 86' lang='lat' dir='ltr'>eertum,</span> <span class='ocrx_word' id='word_1_221' title='bbox 782 3262 850 3326; x_wconf 81' lang='lat' dir='ltr'>quod</span> <span class='ocrx_word' id='word_1_222' title='bbox 878 3277 936 3314; x_wconf 91' lang='lat' dir='ltr'>cum</span> <span class='ocrx_word' id='word_1_223' title='bbox 954 3265 1075 3330; x_wconf 88' lang='lat' dir='ltr'>opinione</span> 
     </span>
     <span class='ocr_line' id='line_1_31' title="bbox 88 3336 773 3418; baseline -0.015 -16"><span class='ocrx_word' id='word_1_224' title='bbox 88 3371 102 3402; x_wconf 75' lang='lat' dir='ltr'>s</span> <span class='ocrx_word' id='word_1_225' title='bbox 123 3353 252 3418; x_wconf 78' lang='lat' dir='ltr'>probabili</span> <span class='ocrx_word' id='word_1_226' title='bbox 265 3352 380 3404; x_wconf 81' lang='lat' dir='ltr'>Ecclesia</span> <span class='ocrx_word' id='word_1_227' title='bbox 395 3349 496 3416; x_wconf 85' lang='lat' dir='ltr'>supplet</span> <span class='ocrx_word' id='word_1_228' title='bbox 502 3337 716 3414; x_wconf 79' lang='lat' dir='ltr'>iurisdictionem.</span> <span class='ocrx_word' id='word_1_229' title='bbox 734 3360 745 3392; x_wconf 74' lang='lat' dir='ltr'>a</span> <span class='ocrx_word' id='word_1_230' title='bbox 771 3336 773 3344; x_wconf 80' lang='grc'>’</span> 
     </span>
    </p>

    <p class='ocr_par' dir='ltr' id='par_1_5' title="bbox 88 3433 1074 3591">
     <span class='ocr_line' id='line_1_32' title="bbox 123 3433 1074 3507; baseline -0.005 -14"><span class='ocrx_word' id='word_1_231' title='bbox 123 3441 159 3506; x_wconf 90' lang='lat' dir='ltr'>(l)</span> <span class='ocrx_word' id='word_1_232' title='bbox 169 3441 196 3493; x_wconf 80' lang='lat' dir='ltr'>S.</span> <span class='ocrx_word' id='word_1_233' title='bbox 212 3442 268 3507; x_wconf 76' lang='lat' dir='ltr'>lig.</span> <span class='ocrx_word' id='word_1_234' title='bbox 283 3455 327 3492; x_wconf 55' lang='lat' dir='ltr'>unc</span> <span class='ocrx_word' id='word_1_235' title='bbox 340 3441 390 3492; x_wconf 77' lang='lat' dir='ltr'>iiiii</span> <span class='ocrx_word' id='word_1_236' title='bbox 404 3447 431 3491; x_wconf 89' lang='lat' dir='ltr'>et</span> <span class='ocrx_word' id='word_1_237' title='bbox 444 3439 538 3490; x_wconf 72' lang='lat' dir='ltr'>ottu-</span> <span class='ocrx_word' id='word_1_238' title='bbox 551 3437 608 3488; x_wconf 86' lang='lat' dir='ltr'>Vid.</span> <span class='ocrx_word' id='word_1_239' title='bbox 624 3433 742 3502; x_wconf 81' lang='lat' dir='ltr'>strpcrlrls</span> <span class='ocrx_word' id='word_1_240' title='bbox 757 3439 831 3485; x_wconf 81' lang='lat' dir='ltr'>tract.</span> <span class='ocrx_word' id='word_1_241' title='bbox 851 3435 882 3486; x_wconf 81' lang='lat' dir='ltr'>dc</span> <span class='ocrx_word' id='word_1_242' title='bbox 896 3435 1074 3488; x_wconf 73' lang='lat' dir='ltr'>Euctus-istiu</span> 
     </span>
     <span class='ocr_line' id='line_1_33' title="bbox 88 3523 327 3591; baseline -0.008 -17"><span class='ocrx_word' id='word_1_243' title='bbox 88 3538 150 3591; x_wconf 77' lang='lat' dir='ltr'>pag.</span> <span class='ocrx_word' id='word_1_244' title='bbox 167 3523 225 3575; x_wconf 66' lang='lat' dir='ltr'>lbi).</span> <span class='ocrx_word' id='word_1_245' title='bbox 289 3537 292 3544; x_wconf 88' lang='grc'><strong>’</strong></span> <span class='ocrx_word' id='word_1_246' title='bbox 325 3535 327 3540; x_wconf 81' lang='grc'>’</span> 
     </span>
    </p>
   </div>
   <div class='ocr_carea' id='block_1_4' title="bbox 0 0 1286 3810">
    <p class='ocr_par' dir='ltr' id='par_1_6' title="bbox 0 0 1286 3810">
     <span class='ocr_line' id='line_1_34' title="bbox 0 0 1286 3810; baseline 0 0"><span class='ocrx_word' id='word_1_247' title='bbox 0 0 1286 3810; x_wconf 95' lang='lat' dir='ltr'> </span> 
     </span>
    </p>
   </div>
  </div>
 </body>
</html>
