2536 3826
12 29 14 78 l

12 89 14 170 ⁵
390 90 396 102 ’
468 145 645 214 *ιι-

12 271 14 350 l
70 289 269 366 reducendo,
298 285 512 358 concedendo
536 287 657 356 locales
680 293 899 381 exemptiones
907 318 917 375 ;
935 299 1043 384 quoto

12 469 13 478 χ
69 417 231 485 personas:
251 416 283 462 v.
309 414 342 479 g.
367 393 579 474 concedendo
596 399 816 487 exemptiones
832 405 1040 490 personales;

12 511 14 580 i
69 501 407 590 quoldobjeetumzv.
418 519 451 584 g.
463 500 524 567 sibi
535 505 730 572 reservando
741 507 890 594 quaedam
899 512 1041 598 peccata,

70 608 341 694 indulgentiarum
357 607 602 678 concessionem
617 609 799 694 limitando,
818 622 880 682 etc.
935 663 938 671 t

12 697 13 736 ³
107 715 191 800 Ergo
203 710 443 780 lurisdictionis
460 714 649 782 exercitium
659 717 699 781 ab
714 717 852 785 Ecclesia
864 721 996 806 pendet.

12 863 13 868 ι
108 817 249 885 Proinde
273 816 413 885 Ecclesia
430 830 535 908 potest
542 813 779 891 determinare
800 822 963 889 sormam
950 835 1041 910 Juxta

72 943 163 1012 qnam
179 924 402 1004 concedenda,
421 937 453 991 et
472 945 586 1027 causas
602 945 661 1062 per
686 947 767 1016 quas
792 927 969 998 amittenda
996 944 1045 998 est

72 1031 262 1099 iurisdictio.

107 1138 250 1205 Proinde
273 1137 510 1205 lurisdictionis
531 1148 689 1228 potestate
711 1143 854 1228 gmde'nt
881 1162 996 1210 omnes
1014 1155 1046 1212 et

72 1245 123 1311 soli
138 1244 195 1334 qui
219 1244 309 1311 illam
326 1258 520 1334 receperunt
539 1249 726 1316 secundum
748 1249 889 1334 regulas,
913 1265 945 1318 et
971 1237 1044 1318 eam

73 1351 195 1419 aliunde
212 1371 281 1454 non
296 1351 475 1422 amiserunt
495 1361 629 1442 propter
645 1374 757 1422 causas
774 1356 814 1422 ab
831 1356 971 1426 Ecclesia
986 1359 1044 1428 de·

74 1459 266 1526 terminatas

110 1563 234 1650 Quaest.
264 1563 489 1652 subsequens:
520 1519 602 1648 Quid
604 1587 643 1632 us
664 1566 768 1634 modia
792 1537 984 1653 acquiratur
1014 1577 1045 1634 et

72 1671 235 1738 omittatur
250 1669 491 1737 luriadictionr's
499 1661 670 1756 potestus?

112 1777 207 1864 Rerp.
227 1777 263 1844 l⁰
279 1757 394 1844 Modus
410 1775 674 1846 Jurisdictionem
691 1777 892 1868 acquirendi,
912 1775 969 1846 sen
981 1777 1046 1848 ior·

72 1903 128 1951 mre
139 1881 350 1950 institutionis
360 1881 491 1950 inerunt
500 1883 637 1964 diversae
650 1906 708 1973 pro
719 1885 816 1954 variis
829 1884 1044 1974 temporibus,

72 1991 266 2070 nuncetiam
283 1989 418 2057 diverses
429 1999 504 2056 sunt
520 2011 578 2082 pro
595 1991 690 2058 variis
702 1990 793 2058 locis.
812 1993 849 2058 ln
861 1993 975 2080 primis
987 1994 1046 2060 Ec-

71 2095 176 2164 clesiae
200 2095 341 2177 saeculis,
360 2093 537 2184 Episcopus
559 2094 739 2182 eligebatur
760 2102 780 2160 a
799 2095 886 2184 clero
902 2145 912 2177 ,
930 2119 1047 2184 quam·

70 2202 250 2290 plurimum
261 2205 415 2288 praesente
426 2215 458 2272 et
474 2189 694 2272 testimonium
711 2198 954 2289 dantepopulo;
970 2221 1053 2280 eon-¹

72 2307 283 2376 secretionem
303 2315 380 2376 vero
396 2308 559 2396 simulque
574 2307 811 2396 institutionem
837 2304 1046 2396 recipiebat

13 2493 14 2504 1
70 2414 325 2504 lletropolituno.
340 2413 476 2483 Nuncin
490 2391 950 2502 Galliissuturusllpiseopusd
963 2413 1049 2502 prin·

13 2511 14 2550 ³
71 2524 137 2610 cipe
166 2521 367 2606 designatur,
387 2529 419 2588 et
434 2505 655 2610 praesentatur
675 2521 710 2588 S.
727 2520 895 2599 Pontifici,
919 2521 974 2606 qui
991 2541 1047 2610 ap·
1145 2601 1148 2606 Δ

13 2671 14 2694 t
71 2628 204 2715 probato
221 2625 369 2716 subjecto
386 2619 510 2695 confert
521 2617 799 2695 lurisdictionem

113 2733 150 2800 ιι
167 2736 310 2802 Potestas
322 2735 562 2802 iurisdictionis
578 2734 733 2801 amittitur
748 2752 806 2820 per
820 2728 972 2799 haeresim
988 2752 1048 2820 pu·

72 2839 201 2920 blicam,
229 2841 386 2923 schisma,
411 2841 776 2942 excommunicationem
803 2838 1046 2920 denuntiatam,

74 2945 350 3032 degradationem.

470 3099 593 3150 onmsrro
612 3089 657 3140 ιιι.

90 3217 223 3288 Quanam
238 3219 419 3291 requirantur
436 3188 612 3290 conditiones
626 3223 656 3275 ut
675 3218 862 3301 ministerium
876 3215 932 3272 dici
945 3213 1035 3286 possit

284 3307 476 3386 Apostolicum
487 3307 599 3363 ratione
606 3305 839 3374 proprietatnm?

117 3455 210 3540 Resp.
235 3451 422 3539 Requiritnr
445 3466 481 3518 nt
506 3450 716 3517 llinisterinm
742 3463 832 3511 mero
861 3456 892 3509 et
909 3429 989 3509 'runa
1013 3442 1054 3508 sit

78 3559 191 3640 l'rrurn,
214 3559 415 3626 encleticum
431 3572 462 3623 et
475 3557 640 3622 Sanctum.
762 3553 768 3562 '
