2562 3810
528 118 731 197 -araff

135 255 274 336 cessaria
304 267 352 324 est
379 256 410 324 in
436 266 660 351 sacramento,
683 278 786 346 caque
810 265 956 345 respectu
978 260 1117 348 subjecti

133 353 365 431 reram'induit
384 372 531 431 naturam
547 367 710 454 pracepit:
745 351 748 354 ⁵
775 380 799 434 ¹.
1063 440 1084 446 ..

177 473 256 538 Nam
281 473 316 536 t⁰
334 493 371 538 en
387 479 450 537 una
472 488 562 558 parte
587 474 649 539 troo
675 488 912 562 sacramentum
932 476 1114 559 institutum

135 591 185 646 est
201 577 389 646 admodum
404 578 531 665 judicii.
554 581 653 646 Porro
677 581 717 645 ad
741 580 898 658 rationem
913 579 1026 668 judicii
1045 606 1121 670 pen.

133 686 215 750 tinet
231 697 266 749 ut
285 698 453 751 serventur
471 683 605 772 justitiae
619 687 856 753 commutativae
873 684 962 773 jura,
982 691 1120 774 proinde

134 802 170 854 ut
184 809 277 876 paena
289 789 472 874 imponatur
486 789 688 874 delinquenti
705 791 745 855 ad
762 784 953 856 saliendum
969 794 1116 860 debitum

133 915 210 979 erga
236 894 341 960 Deum
360 915 397 961 ex
422 906 553 980 peccato
577 902 793 976 contractum.
821 895 863 960 Ex
888 897 986 962 alteri
1014 913 1117 986 parte,
1207 978 1211 982 .

134 1001 198 1066 hoc
214 1014 450 1068 sacramentum
476 1000 642 1070 ordinatur
669 1002 708 1068 ad
736 1002 933 1094 curationem
959 1005 1117 1090 poeniten-

134 1106 228 1184 tium,
248 1107 383 1194 proinde
401 1106 431 1172 in
447 1127 487 1174 eo
500 1091 752 1194 praescribendae
765 1120 840 1172 sunt
860 1129 964 1195 poenae
982 1109 1115 1176 medici·

134 1212 237 1290 nates,
256 1212 295 1277 ad
310 1213 506 1278 medendum
519 1213 685 1300 praeteritis
702 1221 908 1302 peccatorum
927 1214 1116 1283 vulneribus

135 1319 443 1406 occurrendumque
463 1319 592 1386 suturis.

181 1427 220 1491 2⁰
237 1425 414 1493 Satisfsctio
440 1424 624 1514 praecipitur
649 1427 680 1491 in
698 1438 912 1506 sacramento,
931 1427 957 1493 si
981 1427 1116 1494 ministri

135 1533 312 1621 possintne
329 1533 469 1599 debeant
492 1533 723 1600 satisfactiones
745 1535 922 1621 ¹imponere
949 1523 1010 1600 s'ub
1035 1557 1116 1623 prae·

136 1649 242 1728 cepto.
258 1639 351 1727 titqrri
369 1639 399 1712 l.
419 1649 565 1727 possunt,
586 1649 620 1706 at
641 1645 738 1729 supra
751 1642 902 1707 vidimus
918 1642 951 1706 ἓ.
968 1641 1094 1708 Debent
1105 1666 1119 1708 ε·

135 1746 297 1832 siquidem
315 1747 347 1812 in
364 1745 641 1812 administratione
664 1746 762 1832 hujus
780 1748 969 1813 sacramenti
988 1763 1118 1815 seruare

136 1852 258 1918 debent
274 1851 353 1919 fines
367 1873 403 1918 ac
421 1853 555 1919 modum
577 1839 784 1919 institutionis
807 1853 923 1918 divinae
936 1873 1060 1940 sparso
1077 1876 1116 1920 ex

136 1959 257 2026 finibus
274 1981 310 2026 ac
332 1965 445 2026 natura
463 1960 652 2027 sacramenti
671 1969 794 2024 constat
815 1959 1028 2025 necessariam
1046 1977 1119 2028 esso

136 2066 375 2155 impositionem
389 2067 625 2134 satisfactionis.
641 2067 732 2134 Unde
746 2062 843 2132 Conc.
858 2064 948 2131 Trid.
961 2087 1040 2136 sess,
1059 2069 1114 2148 id,

136 2187 209 2262 cap.
229 2173 269 2240 8:
284 2173 408 2240 Debent
418 2177 603 2245 sacerdotes
620 2175 758 2240 Domini
767 2183 923 2259 quantam
936 2173 1075 2257 spiritus
1088 2183 1118 2239 et

131 2282 314 2370 prodentia
326 2283 532 2368 accrescerit,
546 2303 607 2366 pro
624 2279 780 2367 quatitatc
792 2279 964 2345 criminum
974 2291 1004 2345 ct
1015 2280 1113 2366 pani·

136 2390 270 2456 tentiam
298 2391 468 2475 facultate,
487 2391 651 2456 salutares
671 2399 700 2454 ot
716 2389 940 2455 corroonientes
967 2389 1117 2473 satisfac·

136 2497 241 2562 tiones
257 2495 468 2582 injarryere...
480 2517 546 2563 nan
563 2493 688 2563 tanturn
702 2496 1117 2562 aanoaoeor'taecastadr'am

136 2611 167 2671 ct
179 2602 381 2691 infirmitatis
396 2605 676 2683 rrrerttramernarr,
699 2605 861 2669 sedetiam
877 2604 922 2667 ad
935 2604 1117 2692 praeterita·

134 2723 425 2796 rurnpcccatorarn
441 2713 619 2778 uindictam
632 2723 661 2778 ct
677 2709 933 2794 castiqationcm.
1027 2721 1029 2724 ·

178 2817 221 2883 5⁰
247 2819 444 2886 Innumeris
462 2819 591 2886 Petrum
616 2827 646 2886 et
680 2815 896 2884 Consiliorum
922 2810 1117 2881 testimoniis

50 3007 53 3015 ,
136 2938 263 2993 constat
288 2926 372 2993 hanc
395 2935 553 3015 perpetuo
580 2924 707 3014 praxim
728 2943 764 2989 ao
791 2921 896 3006 legem
915 2921 946 2986 in
978 2921 1117 2986 Ecclesia

135 3034 291 3119 viguisse,
306 3034 600 3117 reconciliationem
624 3029 847 3120 peccatoribus
866 3049 929 3093 non
954 3026 1037 3105 dari,
1056 3027 1117 3092 nisi

135 3139 283 3228 injuncto
298 3141 500 3210 convenienti
518 3139 714 3230 penitentia,
730 3137 796 3204 sire
812 3147 885 3202 ante
903 3135 969 3200 siro
985 3133 1117 3222 postab-

136 3247 334 3316 solutionem
352 3247 585 3338 persolvendi..

184 3356 224 3421 t⁰
241 3357 332 3424 Idem
353 3357 525 3425 deducitur
537 3377 573 3424 ex
592 3354 691 3422 Coae.
704 3352 793 3419 Trid.
807 3372 886 3420 sess.
909 3346 1117 3430 treanta,

137 3463 304 3553 capucit.
372 3465 375 3468 ’
815 3449 818 3456 ’
914 3461 917 3466 ’
1102 3453 1111 3462 ”
