2556 3812
511 127 710 193 -taa„

127 267 258 334 misaam
269 267 416 332 omittere
426 263 548 352 absque
561 267 647 350 gravi
659 267 877 346 incommodo,
888 289 921 334 v.
931 287 963 352 g.
976 268 1097 354 quiaex

126 375 302 450 amissione
319 375 435 457 missae,
459 374 635 462 praesertim
654 375 685 439 in
700 375 752 440 dic
765 395 889 460 maguae
906 375 1095 454 festivitatis,

128 483 290 546 orirentur
323 483 616 559 murmurationes,
653 467 818 558 scandala;
862 483 959 546 molo
992 495 1097 548 tamen

125 609 223 653 nemo
245 589 322 654 sciat
345 591 521 677 parasitum
544 609 606 653 aon
624 609 694 654 esse
717 586 879 674 jejunum,
909 587 987 654 alias
1003 589 1091 654 enim

128 694 233 779 majus
249 695 435 761 scandalum
454 695 658 776 orireturll).
771 775 773 778 Ι

157 800 209 887 '7⁰
235 801 268 866 Si
295 803 457 881 sacerdos,
477 815 547 890 post
572 813 713 888 sumptas
741 800 944 882 ablutiones,
973 803 1098 886 detegat

127 907 307 991 fragmenta
321 915 337 975 a
352 933 386 977 se
399 924 582 977 consecrata
601 933 608 973 :
624 923 699 975 tunc
715 931 750 974 ea
762 930 890 975 sumere
901 910 1101 978 debetetiam

129 1009 163 1074 in
181 1013 334 1100 sacrario,
356 1017 455 1081 modo
480 1014 622 1080 vestibus
639 1014 736 1078 sacris
760 1014 866 1090 aditus
894 1013 1025 1080 indatus
1041 1013 1097 1091 sit3

129 1117 206 1202 quia
220 1137 331 1185 earum
350 1121 489 1207 sumptio
506 1120 832 1208 eslcomplementum
844 1119 1099 1207 ejusdemsaari·

134 1225 213 1291 ficii.
231 1227 262 1292 Si
279 1243 386 1295 autem
401 1252 506 1296 sacras
519 1244 622 1296 restes
634 1230 699 1316 jam
718 1230 914 1319 deposuerit,
933 1239 987 1294 aut
1007 1231 1032 1295 si
1053 1251 1104 1295 re·

129 1331 204 1398 liuta
220 1333 522 1422 luerintlragmenta
541 1357 577 1402 ex
601 1336 662 1401 alio
679 1337 847 1415 semidam,
867 1337 914 1402 vel
933 1358 970 1403 ex
986 1337 1101 1402 eodem

129 1439 287 1506 sacrificia
304 1441 425 1527 integra
448 1443 550 1509 hostia
576 1444 640 1508 sire
655 1464 768 1528 magna
787 1445 852 1519 sire
869 1465 976 1531 parva,
996 1465 1031 1509 ea
1045 1465 1100 1509 su·

128 1567 219 1614 mere
236 1569 298 1614 uon
317 1565 431 1637 potest,
452 1551 510 1616 nisi
529 1565 709 1617 reverenter
727 1551 844 1616 serrari
863 1560 1023 1635 nequeant
1039 1551 1095 1631 (1).
1184 1543 1185 1546 “
1210 1537 1212 1543 ’

178 1655 321 1723 Dicimus
339 1659 398 1723 111.
412 1661 446 1723 in
463 1659 682 1724 communione
695 1660 846 1743 paschali
857 1661 961 1746 fidelis
978 1669 1101 1724 tenetur

126 1783 261 1828 servare
274 1767 534 1849 praescriptiones
545 1765 705 1843 Ecclesiae,

175 1869 210 1934 10
229 1867 316 1936 Circa
335 1872 1100 1957 maclam:scilicetteneturaddignamcommu·

126 1975 273 2042 niouem.
293 1979 383 2044 Unde
396 1979 685 2046 ablanoaemi0X1
702 1979 851 2043 damnata
867 1986 914 2043 est
926 1976 1112 2066 propositio¹

125 2101 279 2168 sequens,
297 2104 330 2148 ιι.
348 2083 410 2148 55:
430 2085 592 2168 Praecpta
603 2084 836 2149 aanrmnm'anis
856 2084 1100 2171 annueretislil

124 2208 188 2274 per
203 2190 397 2274 sacriloquos
410 2191 542 2256 Domini
553 2193 845 2257 manducationem.

174 2294 212 2360 2⁰
231 2294 318 2361 Circa
333 2308 475 2382 tempus:
493 2297 613 2364 seilicet
627 2307 752 2364 tenetur
768 2299 1008 2364 communicare
1020 2306 1101 2366 tem-

126 2422 207 2489 pore
219 2401 372 2488 paschali.
385 2404 525 2490 Tempus
539 2419 645 2470 autem
658 2405 818 2492 paschale,
831 2427 868 2472 ex
882 2405 1098 2473 declaratione

126 2509 260 2592 Eugeuii
275 2509 312 2576 tv
331 2511 361 2573 in
380 2511 467 2576 bulla
494 2513 572 2576 Fide
589 2514 688 2598 diana
705 2536 757 2579 en.
774 2515 873 2591 1110,
893 2514 991 2579 currit
1011 2519 1029 2578 d
1046 2512 1101 2578 do·

127 2614 247 2680 miniati
265 2614 446 2682 Palmarum
459 2639 562 2704 usque
579 2619 618 2684 ad
637 2620 830 2685 dominicam
847 2621 879 2684 in
895 2619 981 2684 Albis
998 2618 1101 2684 inolu-

162 2825 197 2889 (l)
210 2826 262 2876 ua.
286 2827 405 2890 Gousset,
432 2835 494 2878 tom.
512 2829 539 2887 11,
557 2844 584 2880 ιι.
604 2830 661 2880 191.
679 2829 706 2878 st
733 2827 840 2892 populas
854 2828 953 2878 moueri
967 2829 1059 2890 possit,
1075 2834 1102 2878 et

125 2909 229 2960 nullam
247 2910 388 2960 timendam
406 2912 439 2962 sit
455 2913 611 2971 scandalum,
629 2911 749 2962 sacerdos
776 2923 825 2960 non
844 2909 946 2972 jejunus
969 2911 1102 2960 celebrare

125 2993 217 3056 nequit
235 2993 377 3044 adtentum
392 2997 501 3057 ratione,
521 2997 663 3047 scilicetne
681 2994 789 3059 populus
804 2995 880 3044 missa
894 2999 980 3044 careat
994 2994 1035 3044 die
1053 2993 1102 3044 do-

125 3078 221 3128 minico
236 3076 558 3130 autlesto.-Probabttius
572 3081 647 3130 etiam
662 3079 783 3130 sacerdos
793 3092 842 3129 non
855 3079 961 3142 jejunus,
971 3078 1102 3128 celebrare

125 3160 217 3224 nequit
231 3160 261 3210 ad
284 3161 448 3222 praebendum
466 3162 589 3212 viaticum
611 3162 773 3213 moribundo.
788 3162 844 3212 vid.
861 3161 956 3212 Beued.
984 3159 1043 3222 xlv,
1070 3161 1102 3210 ds

127 3243 230 3306 Sacris.
245 3245 305 3293 mis.
321 3257 377 3307 cap.
390 3243 431 3306 ta,
450 3259 475 3294 ιι.
493 3246 518 3306 8;
538 3247 563 3296 S.
579 3245 635 3310 Lig.
651 3261 676 3296 n.
692 3246 751 3296 286.

160 3332 195 3402 (1)
212 3334 265 3384 Vid.
286 3333 335 3384 las.
353 3335 446 3386 Bened.
462 3337 512 3386 XtV
526 3339 557 3388 dc
573 3338 669 3400 Sacris.
686 3339 745 3388 mis.
759 3339 802 3388 lib.
815 3338 853 3397 lll,
868 3352 924 3401 cap.
945 3337 987 3397 tr,
1001 3351 1027 3386 ιι.
1042 3336 1058 3386 1
1073 3343 1100 3388 et

126 3429 196 3482 seq.;
207 3417 235 3468 S.
246 3417 302 3482 Lig.
318 3431 344 3468 n.
359 3417 421 3483 188;
437 3419 465 3469 l).
476 3419 649 3484 Richaudeau,
664 3433 720 3485 cap.
731 3422 757 3482 4,
771 3435 798 3472 ιι.
815 3422 844 3471 11
855 3427 881 3472 ct
890 3429 959 3485 serp,
969 3419 1101 3488 llellardt,

127 3515 152 3564 p.
170 3500 234 3564 5‚n.
251 3501 292 3564 to,
306 3507 356 3552 etc.
387 3519 389 3522 ·
573 3501 575 3506 '
