2536 3826
442 133 620 219 *6ιῖ-

86 277 356 368 Siquidoma
267 231 391 341 nullam
405 271 571 357 possident
583 255 831 350 ordinationem,
844 285 877 339 'et
889 242 952 340 non
966 275 1019 342 lta·

55 387 115 450 lent
133 389 326 469 potestatem
345 371 598 460 jurisdictionis,
621 376 714 460 ,quod
741 376 896 463 probatur
921 397 1018 462 argn-

55 490 155 556 nentis
170 483 324 572 superins
339 479 455 545 allatis.
510 551 513 560 y

13 665 17 696 ‚
89 607 148 672 lll
170 601 290 684 Quoolcl
314 598 594 682 Apostolioitatom
613 599 875 682 Proprietotom,
902 621 1003 676 seu,
1037 622 1041 625 ·

89 716 122 778 l⁰
139 695 259 793 Quoia
277 706 455 770 unitatem:
473 705 644 770 Ministeria
662 705 812 791 praedicta
830 727 894 772 non
917 708 1019 792 possi

51 821 122 886 dent
136 815 289 880 unitatem
306 811 373 876 siva
388 810 544 896 eorporis,
557 811 623 880 sive
635 809 802 878 doetrinae·
862 831 864 834 ·

96 921 209 988 t⁰Non
227 917 389 1002 unitatem¹
405 917 580 1000 Corporis:
654 944 670 962 f·

90 1030 163 1095 liaeo
178 1025 283 1093 unitas
300 1021 504 1102 constituitur
527 1043 586 1108 per
606 1023 847 1111 subjectionem*
862 1023 1022 1112 cujusque

56 1133 183 1200 membri
208 1149 284 1212 erga
308 1127 523 1202 ministerium
555 1128 718 1201 collective
749 1131 913 1218 snmptom
939 1130 970 1198 et
986 1134 1019 1200 S.
1077 1167 1081 1173 ·
1130 1171 1133 1174 ·

13 1261 17 1296 =
56 1238 246 1306 Pontificem.
264 1235 364 1302 Porro
380 1232 510 1302 nnllam
531 1253 570 1299 ex
587 1235 746 1318 praedlotis
767 1237 951 1304 ministeriis
968 1262 1023 1324 ag·
1074 1237 1077 1245 “

57 1345 149 1410 noscit
171 1341 206 1408 S.
225 1339 414 1408 Pontificem
434 1351 465 1402 et
485 1334 695 1421 conjungitur
720 1339 897 1405 ministerio
919 1345 1027 1409 catho-

57 1451 110 1516 lioo
122 1447 210 1536 quod
227 1444 382 1516 suooessit
396 1441 574 1511 ministerio
585 1437 779 1528 tpoaoneo.

96 1552 235 1622 Aliunde
247 1549 354 1617 omnia
367 1547 550 1618 ministeria
561 1547 735 1624 acatholica
753 1549 1028 1636 profitenturdoo-

57 1661 149 1725 trinas
161 1677 235 1746 quae
246 1655 359 1741 logica
361 1653 549 1722 conducunt
560 1653 600 1720 ad
613 1653 842 1722 destruendam
861 1658 1029 1726 ministerii

60 1767 225 1831 unitatem:
406 1769 413 1784 ”

13 1865 15 1894 '
100 1870 200 1936 Graeoi
224 1868 313 1956 priris
340 1864 549 1936 adhaerebam
565 1867 739 1938 Ministerio
762 1871 925 1938 Catholioo
943 1873 1031 1958 quod

62 1997 113 2062 pro
124 1997 210 2046 voro
221 1973 397 2048 tenebant;
414 1979 525 2058 postea
543 1974 585 2038 ab
602 1975 658 2040 illo
674 1989 888 2040 reoessertmt.
910 1978 945 2040 lit
960 1977 1049 2043 lioot

62 2081 221 2148 multoties
237 2077 298 2142 illis
326 2078 461 2165 probata
474 2079 572 2144 inerit
587 2079 792 2161 illegitimitas
805 2099 920 2142 eorum
932 2081 1034 2144 sollis·

61 2184 167 2260 matis,
186 2181 249 2244 hoo
259 2179 392 2247 schisma
415 2179 1036 2263 nihilomint'tsvocantlegitimum..lm·
1116 2187 1141 2256 J

62 2289 165 2374 plicita
194 2303 271 2368 orgo
288 2273 487 2371 profitentur·
502 2285 675 2369 quamdam
704 2285 872 2353 ministerii
887 2299 1034 2373 partem,
1108 2277 1110 2282 ’

62 2394 131 2459 licat
147 2392 275 2477 absquo
290 2390 431 2466 ratione,
451 2409 545 2476 posse
561 2389 737 2474 legitimoa
760 2412 837 2456 varo
859 2393 1037 2460 ministerio

64 2499 225 2564 recedere.
245 2496 344 2561 Porro
363 2495 479 2560 eodem
493 2493 568 2580 juro
584 2513 650 2580 quo
666 2505 868 2562 recesserunt
883 2503 902 2560 a
928 2499 1039 2563 minis*

13 2661 15 2670 .
64 2603 141 2668 terio
154 2599 328 2678 catholieo,
347 2599 517 2666 schismata
534 2599 615 2669 intra
632 2601 776 2686 ipsorum
794 2602 978 2666 sooietatem
998 2602 1040 2668 le·

13 2787 14 2804 χ
62 2709 170 2792 gitima
190 2705 319 2772 evenire
336 2717 484 2791 possunt.
530 2706 533 2711 ’
1104 2775 1106 2779 ,

105 2812 225 2896 Quoad
239 2812 467 2890 protestantes,
481 2831 547 2876 non
563 2812 669 2878 solnm
687 2813 1043 2901 expliciteprofitentnr

63 2916 300 3004 separationem
331 2934 402 2982 esse
426 2915 623 3000 legitimam,
642 2920 699 2985 sed
717 2920 825 2988 otiam
848 2921 930 2989 facto
963 2924 1043 2989 sein·

62 3021 228 3088 dunturin
240 3028 342 3096 seotas
359 3023 671 3108 propainnumeros.

106 3127 146 3191 2⁰
163 3125 235 3192 Non
252 3116 407 3194 unitatem
424 3131 598 3199 doctrino..-

108 3232 177 3298 Nac
185 3233 277 3315 jore.
296 3230 435 3318 Rejootis
451 3234 667 3301 veritatibusi
683 3253 760 3298 vero
778 3236 955 3302 ministerio
976 3239 1045 3324 jam

67 3335 187 3402 deiide
203 3337 357 3416 definitis,
371 3339 473 3404 Graeci
483 3351 514 3404 ot
529 3341 791 3407 Protastanteseo
804 3339 873 3422 ipso
884 3349 1049 3424 negarunt

69 3441 331 3510 infallibilitatem
342 3443 510 3510 ministerii
519 3442 691 3526 oojtrsante
701 3443 910 3530 separationis
923 3459 1050 3534 tompus
