2556 3812
523 177 568 190 --
594 139 654 208 ttt.
680 177 724 192 ω

136 279 273 348 alterius
290 283 507 360 devotionem,
525 283 734 349 intervertere
752 305 815 349 uon
827 273 1123 357 convenirss--trta-·
1157 276 1161 280 ’

125 409 215 472 men
234 410 297 454 non
316 389 487 472 eritgrare
513 390 645 454 alteram
669 391 799 456 missam
830 390 949 470 dicere,
979 397 1121 465 imbuec
1171 402 1194 448 Ἰ

136 495 227 572 leve,
242 493 340 560 si'liat
353 493 495 580 justade
515 503 623 562 carisa.
643 496 677 562 8.
696 497 768 582 bip,
785 514 821 562 rt.
837 497 915 564 aad.
1000 499 1001 502 ’

185 598 263 682 5⁸p.
281 601 422 664 'leuetur
437 600 614 687 adimplere
626 585 686 684 per·
708 616 745 666 se·
757 613 820 682 out
838 624 899 686 per·
918 607 1062 672 alienas
1076 597 1120 674 si}

137 705 564 792 quidem,uisi'eontroriurrr
580 706 610 770 in
624 708 837 772 conventione
848 709 942 774 luerit
952 723 1122 792 statutum,-

137 813 292 884 saee‘rdos
311 807 425 899 potest,
441 813 762 892 servatisserrandis‚
783 814 1011 900 obligationem
1028 839 1121 888 suam

137 919 232 986 alteri
249 920 408 984 sacerdoti
422 921 623 985 eorrrrnitterc
636 920 891 1006 adimplendam.
905 957 907 962 ·

185 1027 284 1092 Porro
305 1027 472 1112 sequeutia
490 1025 610 1091 serrari
628 1027 770 1092 debent:
793 1028 823 1091 l.
843 1028 993 1094 sacerdos
1007 1031 1047 1096 sit
1062 1033 1121 1099 bo·

138 1153 202 1198 nus
217 1155 227 1210 ;
242 1153 327 1208 narn,
345 1132 371 1197 si
388 1132 607 1196 conrurittatur
630 1133 726 1198 missa·
745 1133 830 1198 malo
847 1135 1018 1212 sacerdoti,
1047 1153 1121 1225 pere

139 1239 229 1304 ditur
258 1236 380 1302 fructus
412 1239 468 1324 qui
497 1251 544 1302 est
571 1258 608 1301 cx
646 1259 744 1324 opere
773 1241 950 1326 operantis.
982 1241 1015 1306 S.
1045 1242 1117 1325 Lip.

137 1367 173 1410 rr.
194 1343 275 1408 521.
377 1375 394 1399 ι
609 1369 623 1378 ·’
660 1355 663 1360 ’
1096 1367 1122 1374 ’-

185 1451 220 1516 2.
240 1449 414 1517 Ordiuarid
438 1451 601 1528 sacerdus,
628 1452 683 1538 qui
709 1453 907 1540 stipendium
923 1453 1122 1544 accepit'p'ro
1199 1477 1202 1480 ·

138 1557 238 1623 ntissal
250 1557 455 1634 celebrando,
470 1577 532 1620 non
548 1567 652 1646 potest
665 1580 735 1625 eam
749 1562 875 1626 tradere
891 1562 1119 1628 celebrandam

136 1664 229 1730 alteri
245 1663 415 1740 sacerdoti,
443 1669 565 1728 retenta
589 1679 646 1751 pro
666 1665 773 1751 scipso
790 1669 929 1752 quddam
944 1695 946 1700 ’
959 1676 1047 1754 parte
1061 1671 1120 1736 sti·

138 1770 264 1859 peudii.
283 1770 368 1838 biedt
391 1769 477 1836 enim
491 1769 566 1834 talis
583 1771 699 1854 agendi
720 1772 799 1836 ratio
825 1773 920 1841 inse
946 1763 1122 1860 aliquandb

137 1879 301 1944 licitaesse
319 1875 428 1963 possit,
440 1889 593 1952 attamen,
608 1876 649 1942 ob
662 1877 801 1962 speciem
814 1879 914 1964 turpis
925 1878 1005 1943 lucri
1017 1889 1047 1942 ct
1066 1899 1121 1963 pc·

136 1983 277 2052 ciculum
290 1983 424 2060 obusds,
440 1983 595 2065 subgravi
609 1981 785 2068 proscripta
797 1997 907 2068 cstper
919 1983 1047 2048 decreta
1061 1983 1118 2048 SS.

136 2088 342 2168 Pontificum.
365 2087 416 2152 Sic
438 2085 596 2173 prohibita
619 2084 680 2149 luit
697 2087 826 2152 decreto
840 2086 875 2152 S.
891 2083 1122 2174 C.,G.,appro-
1175 2111 1176 2117 ¹

136 2196 214 2266 bato
230 2194 271 2260 ab
284 2194 414 2274 Urbano
431 2193 509 2260 ttll.
530 2192 610 2258 Dein
637 2193 676 2258 ab
694 2191 872 2258 Alexandro
890 2193 956 2270 Vll,
975 2192 1018 2258 bl
1035 2200 1118 2280 sepi.

139 2302 241 2380 1665,
261 2302 410 2366 damnata
435 2299 494 2364 luit
509 2294 579 2366 lrcec
598 2301 785 2388 propositio,
806 2323 838 2367 n.
854 2301 895 2366 9:
915 2303 991 2367 Post
1016 2301 1124 2392 desrcf*

137 2419 206 2472 tum
236 2407 360 2474 llrbur'ri
380 2417 485 2491 potest
511 2407 675 2484 sacerdos,
707 2406 759 2472 eui
786 2392 891 2474 ruisse
923 2407 1122 2475 celebrande
1206 2441 1209 2448 s

137 2516 329 2608 truduntur,
351 2536 412 2598 per
433 2515 534 2594 olium
560 2515 757 2600 satisfacere,
784 2519 900 2583 colluto
925 2519 974 2582 illi
999 2517 1123 2583 rrrr'rro'rr'

136 2623 311 2708 stipendio,
330 2621 400 2686 ulia
429 2623 712 2708 portastiperrdr'i
742 2621 805 2688 cibi
831 2633 968 2688 retentu.
1004 2623 1122 2686 Decre·
1199 2618 1202 2622 ’

137 2744 213 2798 tum·
228 2727 346 2796 Urbani
365 2729 436 2796 Vlll
458 2728 658 2794 confirmarit
674 2729 882 2794 Innocentius
899 2727 967 2804 Xll,
986 2726 1029 2790 25
1046 2747 1121 2792 nor.

141 2837 244 2905 t697.
266 2836 412 2901 Tandem
433 2829 625 2900 Benedictus
645 2835 724 2912 lllll,
745 2835 774 2898 in
797 2833 960 2920 encyclicis
992 2831 1123 2914 ereutu

140 2965 236 3022 curo,
257 2941 298 3008 50
312 2940 386 3029 juo.
411 2941 509 3025 llll,
534 2939 707 3028 declararit
734 2925 932 3018 sacerdotem
963 2959 1026 3002 non
1050 2935 1128 3026 pos'-¹
1153 3009 1155 3012 ,

140 3075 189 3126 sc,
217 3050 387 3116 imminuto
415 3039 587 3142 stipendio,
616 3047 708 3112 alteri
732 3046 843 3118 mis-sas
877 3037 1004 3110 tradere
1037 3045 1122 3110 cclc-

142 3159 294 3233 tuendas,
314 3158 372 3222 etsi
402 3158 504 3222 eidem
533 3155 693 3221 sacerdoti
708 3152 848 3218 'missurn
863 3153 1062 3230 celebranti,
1090 3163 1127 3216 et·

142 3263 363 3342 consentienti,
380 3277 413 3330 're
426 3263 561 3347 majoris
582 3262 681 3356 pretii
700 3261 894 3348 stipendium
916 3281 971 3324 seu
991 3261 1122 3324 eleemo-

140 3395 262 3464 synam
286 3371 448 3456 occepisse
477 3371 679 3446 eructuassem·
696 3367 955 3454 contrariumque
984 3366 1121 3454 praxim,

142 3497 298 3570 tauquam
316 3479 525 3546 execrabilem
542 3477 677 3546 abutum
697 3475 1041 3564 darnuaritsubpoeua
1053 3493 1122 3568 sus·
