2572 3802
583 167 626 178 -
650 129 716 196 572
738 167 778 178 -
1083 197 1088 208 .

1086 245 1091 254 .
1126 219 1179 272 rag.

202 293 230 349 1ι
259 292 348 349 Cond.
372 289 454 346 Absit
475 291 491 344 a
518 289 696 346 confessione
717 290 862 359 peccatum
883 288 1002 342 mortale
1018 306 1024 340 :
1039 317 1074 328 -

271 379 346 453 quod
360 379 492 450 probatur
506 380 535 432 et
548 377 701 447 explicatur
710 409 1074 432 .........
1130 375 1180 430 281
1279 379 1280 382 ’

199 467 229 522 2·
243 466 330 526 Cond.
341 465 483 524 Confessio
497 465 532 519 sit
545 467 701 533 integra-
714 465 756 520 De
770 465 818 519 illa
829 464 1000 532 conditione,

235 555 388 626 praenotata
403 550 578 609 distinctione
598 553 770 608 materialem
797 552 870 607 inter
885 556 913 608 et
926 553 1075 607 formalem

270 643 456 712 integritatem
491 675 1072 694 ..............
1130 640 1188 696 282,

235 732 367 802 probatur
379 730 565 800 integritatem
578 729 751 785 materialem
765 730 868 800 requiri
883 730 920 784 ad
931 730 1073 785 remissio-

269 834 335 875 nem
349 819 492 887 directam,
508 819 654 876 lormolem
667 821 760 874 autem
775 818 902 873 sufficere
917 818 953 873 ad
970 817 1074 873 validi-

270 909 355 962 tatem
370 906 545 974 sacramenti,
560 905 680 986 proinde
694 908 723 960 et
735 905 771 962 ad
789 905 954 960 indirectam
966 920 1072 976 pecca·

1275 641 1280 734 t

270 995 363 1048 torum
375 993 569 1048 remissionem
580 1026 1076 1045 .............
1110 993 1181 1048 ibid.
1277 1007 1278 1010 ’

198 1079 228 1136 in
241 1081 454 1151 explicationem
468 1083 614 1138 solvuntur

200 1167 305 1235 Quaest.
321 1170 512 1238 generales,-
531 1171 633 1239 nempe
648 1167 674 1224 1.
690 1171 783 1222 utrum
796 1168 865 1222 muti
877 1170 1024 1224 teneantur
1036 1167 1073 1224 ad

269 1256 475 1313 accusationem
491 1257 652 1328 explicitam
666 1257 790 1312 omnium
803 1260 982 1327 peccatorum
1001 1272 1073 1326 quo-

269 1359 332 1399 rum
341 1345 505 1400 memoriam
519 1345 639 1410 hahent;
650 1345 678 1400 2.
689 1348 784 1399 utrum
795 1345 936 1415 poenitens
945 1346 1073 1399 teneatur

269 1433 398 1488 confiteri
405 1437 548 1504 peccatum
558 1433 634 1503 quod
643 1447 774 1490 accusare
787 1449 845 1487 non
859 1435 953 1503 potest
966 1431 1073 1501 absque

268 1520 490 1576 manifestatione
513 1520 675 1590 complicis?
710 1554 1071 1573 .........
1126 1518 1180 1572 aaa
1279 1543 1280 1582 t

198 1605 304 1674 Quaest.
320 1607 433 1677 special.
449 1637 484 1648 —
499 1605 527 1662 1⁰
540 1608 709 1663 relativam
723 1610 927 1664 accusationem
941 1612 1073 1678 peccalo-

261 1690 341 1768 rum,
355 1699 514 1767 —nempe,
537 1695 564 1751 1.
589 1711 707 1773 quorum
728 1690 908 1765 'peccatorum
930 1697 1072 1752 accusatio
1153 1745 1156 1752 .

267 1784 422 1839 necessaria
435 1784 473 1839 sit
482 1783 516 1838 ad
526 1783 714 1852 integritatem
730 1782 875 1837 formalem
890 1783 1071 1838 consessionis

268 1870 315 1942 (in
342 1871 447 1942 specie,
462 1871 555 1940 quoad
567 1870 708 1938 mortalia,
723 1869 813 1939 agitur
834 1869 870 1924 de
883 1871 1003 1939 peccatis
1018 1871 1071 1924 du-

267 1956 345 2031 biis);
361 1959 389 2014 2.
415 1961 507 2013 ulrum
519 1958 658 2014 accusatio
670 1959 850 2027 peccatorum
871 1958 959 2026 possit
973 1957 1070 2025 dividi,

266 2046 305 2101 ital
327 2051 358 2102 ut
372 2046 507 2117 poenitens
528 2061 611 2101 unam
628 2049 735 2116 partem
748 2045 808 2114 uni,
827 2045 943 2100 alteram
962 2049 1071 2116 partem

266 2133 344 2189 alteri
359 2135 496 2190 sacerdoti
507 2133 671 2189 confiteatur
706 2166 1068 2185 .........
1124 2136 1179 2191 283

231 2221 260 2276 20
274 2222 371 2291 quast.
382 2221 507 2278 relativae
520 2221 556 2276 ad
568 2219 775 2276 accusationem
790 2220 1069 2289 circumstantiarum,

265 2337 300 2349 —-
320 2311 423 2380 nempe
442 2311 534 2364 utrum
554 2309 691 2379 poenitens
713 2311 840 2364 teneatur
861 2322 993 2362 accusare
1014 2306 1068 2362 cir·

265 2397 646 2468 cumstantiaspeccatorumi
660 2396 835 2468 [Exponitun
846 2395 919 2450 inter
932 2396 995 2463 alia,
1004 2412 1069 2450 con-

265 2485 402 2537 troversia
410 2484 446 2537 de
459 2484 837 2539 circumstantiisnotabiliter
847 2485 1067 2556 aggravantibus)
1123 2484 1180 2540 288

195 2569 300 2626 lli.l)e
314 2567 534 2640 satisfactione:
936 2583 937 2586 ’

196 2657 242 2713 Ad
261 2659 372 2728 quaest,
389 2656 476 2728 qualis
496 2655 653 2728 requiratur
670 2657 820 2714 satisfactio
838 2660 874 2715 ad
886 2659 1008 2716 validam
1023 2674 1067 2714 sa·

266 2745 399 2801 oramenti
415 2745 624 2816 receptionem?
659 2780 666 2797 .
703 2784 710 2799 .
749 2759 756 2798 ;
791 2782 1066 2800 ........
1120 2747 1176 2803 291

194 2833 275 2906 Resp.
291 2836 319 2889 et
334 2835 414 2905 prob.
423 2834 526 2905 requiri
536 2838 564 2890 et
573 2835 702 2891 sufficere
715 2835 931 2890 satisfactionem
945 2836 975 2892 in
988 2839 1066 2904 voto,
1132 2859 1134 2864 ·

265 2921 349 2977 modo
359 2923 394 2978 sit
403 2923 510 2978 sincera
529 2956 1066 2974 .............
1105 2924 1176 2982 teta.

195 3008 352 3073 §2.-De
366 3011 465 3068 torma.
625 3046 628 3048 -

196 3096 301 3162 Qooest.
317 3096 355 3151 1⁸.
371 3099 503 3166 Quaenam
516 3101 572 3156 siti·
614 3133 1064 3153 ...........
1121 3101 1182 3157 293

114 3225 119 3229 .
194 3181 274 3249 Resp.
289 3185 407 3260 etproh.
422 3186 539 3242 sormam
549 3205 666 3244 sacram.
682 3189 850 3260 poenitentiae
865 3189 947 3245 sitam
961 3190 1066 3246 esseio

264 3265 438 3322 absolutione
451 3272 614 3328 sacerdotis.
659 3308 1066 3327 ..........
1104 3277 1181 3334 tuta,

196 3347 299 3486 (laesi).
314 3349 353 3488 23
369 3353 501 3418 Quaenam
515 3361 689 3418 conditiones
703 3363 837 3433 speciales
850 3365 1066 3434 requiranturin

263 3447 278 3484 a
299 3450 330 3488 so
343 3439 437 3492 atione
449 3441 461 3480 ‘l
