2556 3812
610 101 811 166 -170-

225 249 301 310 verb
318 241 519 322 necessitate,
538 239 707 329 probabile
724 253 773 307 est
783 241 852 308 bueo
865 241 972 306 omnia
990 263 1088 330 posse
1107 245 1205 311 omitti

224 349 294 416 sine
310 360 455 438 peceato,
474 369 515 416 ne
528 347 744 414 moribundus
762 367 854 414 saoro
864 347 979 414 viatico
993 350 1201 436 priveturtl).

267 451 305 519 2⁰
328 453 398 520 Non
427 451 522 530 lieet,
545 450 669 540 absque
697 451 937 538 dispensatione
970 453 1004 518 S.
1024 454 1199 533 Pontibus,

149 555 151 560 ’
223 561 320 630 etiarn
337 559 377 627 ed
394 558 608 648 praebendum
627 559 779 625 viaticum
805 559 1016 639 moribundo,
1036 561 1199 628 eucharis·

223 668 300 735 tiam
324 665 506 733 ministrare
523 665 555 732 in
576 671 713 754 utraque
730 665 850 754 speeie,
869 677 925 731 aut
951 665 983 730 in
1012 666 1082 733 sola
1098 669 1203 756 specie

220 773 299 842 vini.

267 878 305 944 5⁰
322 877 392 946 Non
407 877 495 958 lieet,
512 875 737 944 deficientibus
753 875 866 943 hostiis
883 876 1079 954 minoribus,
1099 879 1202 946 detra·

222 987 301 1054 bere
317 993 440 1075 partem
454 981 585 1072 majoris
596 983 709 1049 bostiee
722 982 762 1049 ad
775 982 1065 1048 communicandos
1077 985 1199 1066 lideles3
1226 1025 1230 1036 ·

221 1093 338 1160 nisiex
363 1090 544 1160 rationabili
561 1097 671 1169 eausa,
689 1111 719 1156 v.
735 1110 767 1175 g.
787 1090 813 1155 si
832 1089 1030 1156 moribundo
1049 1092 1197 1159 deleren-

221 1200 299 1267 dum
311 1207 395 1266 esset
407 1198 569 1276 viaticum,
586 1210 641 1263 aut
653 1195 679 1262 si
696 1195 994 1263 communicatu-rus
1008 1197 1066 1262 diu
1078 1182 1201 1288 exspec-

219 1317 288 1370 tare
304 1302 439 1369 deberet
454 1303 510 1384 (l).

264 1411 302 1476 4⁰
319 1412 389 1478 Non
401 1411 477 1478 licet
496 1409 723 1478 eucharistiam
745 1409 958 1498 porrigerem
977 1409 1198 1484 cochlear-ivel

218 1517 383 1586 mediante
399 1517 685 1584 alioinstrumento
700 1539 708 1596 ;
725 1504 786 1583 nisi
803 1517 834 1582 in
844 1519 1051 1600 necessitate,
1065 1521 1197 1600 scilieet,

218 1626 245 1692 si
262 1637 402 1710 aegrotus
419 1646 483 1692 non
501 1630 609 1712 posset
626 1623 764 1689 bostiam
785 1623 944 1710 deglutire
965 1625 1036 1691 sine
1054 1627 1130 1692 vino
1147 1639 1198 1693 aut

218 1739 315 1821 aqua,
334 1732 410 1800 item
434 1730 466 1799 in
497 1731 551 1800 lue
583 1726 754 1820 pestilera:
782 1731 824 1798 itia
849 1730 1054 1816 probabiliter
1088 1749 1197 1801 contra

216 1839 328 1930 plures
350 1839 406 1922 (5).
853 1898 854 1903 ,

247 1945 300 2012 ’50
313 1945 384 2014 Non
401 1944 654 2020 licetsaeerdoti‚
668 1942 776 2030 aliqua
794 1941 977 2010 infirmitate
990 1943 1152 2012 laboranti
1170 1947 1199 2012 iu

216 2053 333 2141 polliae
349 2066 380 2120 et
392 2053 511 2132 indice,
531 2049 756 2118 eucharistiam
774 2071 848 2116 curn
865 2050 934 2115 aliis
952 2050 1059 2135 digitis
1085 2054 1197 2121 minis·

215 2172 312 2236 trare,
332 2159 395 2225 nisi
411 2160 444 2224 in
457 2179 533 2226 easu
553 2158 749 2242 gravissimae
762 2157 958 2238 necessitatis
979 2159 1035 2239 (l).

259 2262 333 2330 Not.
344 2262 376 2326 Si
393 2262 521 2328 desidat
533 2263 634 2328 bostia
652 2263 829 2344 interram,
849 2261 938 2330 loeus
949 2276 1075 2348 tegatur
1089 2281 1197 2352 panno

212 2364 312 2444 lineo,
331 2363 381 2430 vel
398 2363 505 2451 aliqua
524 2385 558 2432 re
571 2367 715 2458 munda,
732 2367 806 2433 dein
824 2366 986 2433 abluatur.
1006 2368 1038 2434 Si
1067 2369 1198 2434 decidat

213 2471 247 2538 in
255 2489 405 2558 mappam
423 2489 521 2558 quam
534 2472 809 2538 communicantes
823 2474 870 2538 ori
881 2481 1082 2560 supponunt,
1101 2474 1196 2541 loeus

213 2576 341 2667 spinula
356 2576 512 2663 signetur,
531 2576 605 2642 dein
623 2578 749 2664 pariter
765 2577 927 2648 abluatur.
956 2579 989 2646 Si
1014 2580 1152 2652 desidat
1164 2583 1195 2646 in

210 2685 350 2766 vultum,
368 2684 503 2751 barbam
526 2691 581 2750 aot
595 2695 699 2750 vestes
711 2685 990 2774 communicantis,
1009 2686 1195 2772 purificatio

175 2823 177 2826 ·
212 2803 317 2881 potest
328 2790 533 2860 etnrdinarid
546 2789 642 2856 debet
654 2789 777 2870 omitti3
796 2786 912 2858 melius
928 2779 977 2856 'est
993 2790 1079 2857 enim
1094 2793 1196 2858 vitare

211 2964 213 2968 ’
245 2999 278 3061 (n
297 2998 353 3053 no.
370 2999 471 3066 sang.
484 3012 511 3050 n.
530 2999 589 3052 arr.

245 3091 278 3154 (b)
292 3091 349 3141 vid.
364 3093 390 3142 S.
407 3091 462 3157 big.
477 3106 505 3145 u.
518 3092 579 3154 arn
594 3094 646 3143 llll.
661 3093 835 3156 Riobaudeatr‚
851 3108 907 3159 cap.
924 3095 1001 3158 bitu.
1018 3096 1044 3146 9.

243 3178 277 3242 <st
287 3181 350 3306 did'
365 3182 459 3310 aggia.
477 3197 503 3233 n.
519 3183 568 3234 ara
581 3191 608 3236 ar
622 3185 682 3248 ase
699 3185 865 3250 aeneoxrv,
882 3189 915 3238 aa
930 3189 1048 3251 sanae,
1061 3188 1108 3239 no.
1129 3191 1193 3252 xnr,

210 3267 267 3316 eap.
319 3293 327 3318 ,
348 3271 374 3308 n.
428 3291 435 3308 .

242 3341 278 3407 (t)
292 3344 361 3396 loto.
377 3347 404 3397 Si
417 3350 475 3412 quis
491 3357 576 3404 autem
591 3354 686 3406 lrabeat
698 3355 817 3418 pollicem
830 3357 865 3408 ita
880 3359 1008 3410 infirmum
1025 3365 1054 3412 ut
1071 3361 1190 3414 hostiam

210 3424 267 3462 cum
281 3431 311 3466 eo
321 3419 438 3504 frangero
448 3435 568 3490 nequeat,
584 3443 634 3480 non
648 3439 734 3496 potest
748 3436 892 3488 celebrare.
