2538 3810
494 145 703 212 ·-iro-
791 146 812 226 ζ

102 290 278 358 reducam
311 275 569 352 indefectibilitas
595 267 690 380 ¹statis
717 281 918 371 iposumae,
955 255 1088 365 minimi

101 402 179 460 reri)
196 389 409 457 infallibilitas
427 389 465 454 tt.
485 387 658 454 Pontificis.
678 386 762 469 Qttia
776 385 810 453 ‘L
828 387 1004 477 'Scripturac
1020 387 1091 454 tex}
1135 465 1138 468 ,

101 512 153 563 tus
166 503 315 583 spectant
331 492 540 557 llinisterium
555 490 719 557 collective
736 499 913 578 sumptum,
928 499 1089 558 non‘rerd
1153 477 1156 489 ’

100 602 256 676 Petrum;
282 595 421 684 proinde
436 615 473 660 ex
495 594 545 659 his
563 594 702 660 textibus
727 594 878 661 concludi
899 593 965 662 non
982 609 1088 683 potest

100 696 424 775 irrtattibtotnePeiri,
444 717 504 764 nec
521 695 592 782 ejus
606 715 844 762 successorum.
969 747 973 752 .

147 807 188 870 ll.
217 804 256 868 ad
274 803 350 867 lum:
376 799 531 885 Equidem
548 801 689 867 rationes
714 799 819 866 allatae
835 800 976 888 probant
996 801 1088 869 iudc-

107 909 341 977 feetiltilitatem
363 901 455 970 Sedis
471 904 671 994 Apostolicec.
691 905 818 972 Pulsum
832 919 883 972 est·
895 919 1003 972 autem
1018 905 1088 972 illas

104 1015 246 1103 probare
267 1015 389 1078 tantiam
407 1009 713 1076 indefectibilitatem
731 1010 829 1098 lintius
846 1012 951 1078 Sedis.
981 1011 1089 1099 Siqui-

11 1133 13 1162 *
105 1121 181 1184 dem
201 1118 235 1182 l.
254 1115 472 1202 interpretatio
490 1125 632 1180 textuum
644 1115 825 1194 allatorum,
841 1115 946 1201 qualis
960 1119 978 1182 a
991 1116 1089 1182 Galli·

106 1220 197 1285 canis
212 1218 428 1301 restringitur,
443 1223 492 1282 est
507 1215 684 1295 arbitraria,
702 1229 733 1283 et
748 1219 936 1284 contradicit
947 1219 1088 1308 genuino
1202 1229 1205 1234 ’

107 1321 219 1389 sensui
244 1322 471 1408 praedicturum
505 1327 650 1384 textuum
676 1321 730 1406 qui
758 1322 944 1388 naturaiiter
969 1320 1089 1390 intelli·
1201 1339 1203 1346 ‘

11 1447 12 1462 ¹
106 1429 208 1513 gendi
233 1441 309 1493 sunt
329 1425 609 1492 dc‘infallibiliiate
634 1427 727 1492 Petro
752 1434 915 1492 concessa.
939 1428 974 1492 E.
991 1429 1090 1496 Infal-
1120 1479 1122 1483 -

11 1519 12 1602 J
107 1535 258 1624 liliilitate
276 1534 413 1600 dunatus
429 1545 477 1597 cst
497 1533 623 1610 Petrus,
644 1537 802 1618 quatenus
819 1531 1089 1611 eratfundamen·

110 1656 176 1707 tum
205 1639 382 1717 Ecclesiae3
410 1659 506 1725 porro
528 1639 661 1705 cuilibet
685 1639 829 1706 Pontifici
854 1635 1008 1728 competit
1030 1642 1088 1712 istu

11 1819 12 1822 ,
109 1747 190 1813 ratic
208 1745 410 1812 fundamenti
429 1757 575 1830 respectu
589 1745 755 1816 Ecclesiae.
775 1743 1090 1814 3.'lndefectibilitas

107 1853 203 1920 Sedis
220 1851 410 1939 Apostolicae
426 1851 552 1938 concipi
575 1871 640 1918 non
663 1866 779 1939 potest,
800 1853 878 1938 quin
894 1854 1087 1922 Pontificum

107 1961 222 2036 series,
241 1971 272 2024 et
288 1957 424 2045 proinde
440 1957 576 2042 quilibet
592 1958 736 2023 Pontifex
754 1957 998 2026 sitiintnttibttis.
1017 1961 1089 2027 Ete-

107 2067 188 2144 nim,
213 2066 246 2130 si'
264 2064 401 2150 quilibet
416 2061 573 2142 Pontifex,
593 2063 690 2128 otiam
706 2063 899 2130 Pontificum
916 2067 1015 2132 series
1036 2088 1090 2133 ex-

108 2191 184 2236 rare
200 2182 316 2254 potest,
337 2171 472 2256 preinde
488 2169 588 2236 Sedes
597 2166 665 2256 jam
682 2185 747 2234 noti
764 2181 812 2234 est
822 2169 1077 2239 indefectibilis·

152 2273 203 2342 Ad.
218 2275 303 2364 Pina
321 2276 413 2342 Falso
439 2275 592 2342 asseritur
618 2273 793 2362 Scripturas
816 2283 920 2343 textus
943 2290 1089 2366 spectum

108 2386 235 2448 tantiam
258 2382 470 2448 Ministerium
488 2381 652 2470 collective
668 2391 846 2469 sumptum.
873 2383 908 2450 ln
924 2385 994 2452 aliis
1015 2387 1087 2472 qui-

13 2481 15 2500 '
108 2489 183 2554 dem
198 2487 345 2554 Christus
357 2489 502 2574 loquitur
513 2487 558 2554 dc
568 2488 717 2573 Eollegiu
734 2491 930 2576 apostolicu;
945 2493 1001 2558 alii
1012 2497 1088 2560 vcro

109 2594 231 2660 directe
244 2607 275 2660 et
288 2594 468 2681 specialiter
481 2594 656 2682 respiciunt
665 2595 810 2673 Petrum,
826 2595 941 2680 quales
953 2595 1020 2660 isti:
1041 2598 1089 2664 Tu
1155 2633 1161 2644 ι

108 2719 140 2765 ec
150 2702 312 2765 Petrus...
334 2701 403 2786 qu
418 2703 535 2786 ccccvi
548 2722 611 2786 pcc
624 2711 694 2766 tc...
713 2699 817 2764 Pasce
832 2721 954 2766 cuent...-

14 2801 15 2818 ’
57 2891 66 2904 “
116 2871 119 2878 ,
150 2806 329 2872 Decurre-ll.
348 2807 512 2874 Sententia
527 2807 845 2874 Ultramentanorum
863 2805 941 2873 falsa
959 2819 1019 2874 cst.
1043 2807 1090 2876 Ad

108 2912 195 2998 quod
214 2909 440 2998 probandum,
997 2910 1016 2928 ”

154 3017 320 3101 otjtcinnr
338 3019 372 3085 l⁰
389 3021 477 3088 siti.
499 3021 642 3096 Puni-iim
657 3029 743 3087 essct
759 3021 949 3100 infallibilis,
966 3021 1091 3090 inutilia

108 3135 139 3190 et
153 3125 256 3192 otiosa
270 3127 334 3192 dici
348 3127 505 3194 deberent
523 3128 662 3194 Concilio
676 3130 850 3210 generalia.

151 3231 249 3317 ttccp.
272 3234 304 3298 l.
331 3231 452 3300 Eodem
470 3235 717 3319 argumentandi
736 3236 832 3299 modo
847 3234 1000 3301 concludi.
1017 3255 1090 3320 pos·

109 3349 157 3402 set
172 3335 344 3406 fallibilitas
365 3340 514 3406 Ecclesiae
536 3341 702 3426 dispersae.
729 3340 780 3404 Sic
799 3340 885 3403 cci-m
909 3340 1093 3404 ratiocinari

111 3441 241 3510 liceret:
264 3446 290 3510 si
319 3446 457 3513 Ecclesia
480 3446 622 3534 dispersa
641 3457 724 3513 essct
749 3445 938 3524 infallibilis,
967 3446 1091 3512 inutilia
1155 3456 1158 3460 '
