2550 3810
572 69 749 135 -sc-
839 27 841 32 ’

178 211 380 292 eucharistici
394 211 507 278 euclem
524 211 562 276 sit
580 209 753 278 uenietintu
766 209 997 277 sacrificiorum
1017 231 1117 278 coenae
1132 225 1167 278 ct

176 315 294 386 cuncis.
311 317 404 406 Atqui
418 317 488 384 boec
500 317 566 384 uuo
583 327 766 383 suuteerta.

223 425 255 490 l.
274 423 420 492 Clnistus
432 423 544 489 luit-
556 424 681 490 uictima
699 419 846 492 sacrificii
865 443 988 489 cocnae:
1008 422 1163 490 Clnistus

174 533 263 598 enim
281 531 836 620 peruerbouonseoeationiscorpus
854 545 884 596 ct
898 531 1092 614 sangninem
1109 553 1164 598 se·

177 645 313 730 pnrnt'nn
331 639 475 716 adclusit,
489 661 526 704 uo
536 639 671 726 proinde
685 639 716 704 in
729 652 812 704 stulu
831 638 1060 703 immolationis
1074 660 1162 725 mys-

179 749 248 814 tieae
262 747 366 834 posuit
378 745 438 812 sub
456 745 627 834 speciebus
649 746 740 833 panis
762 759 792 811 ct
808 745 871 810 uini
887 767 894 823 ;
908 783 951 793 -
963 745 1090 810 uictima
1108 767 1162 810 su·

177 853 287 920 criticii
306 853 428 919 crucis:
449 851 604 940 bocopud
620 872 732 918 outnes
749 864 885 917 constet.

221 957 256 1024 2.
272 957 402 1028 Victima
418 960 564 1026 sacrificii
576 959 781 1024 eucharistici
798 969 899 1024 est-
911 957 1026 1024 endem
1040 979 1078 1023 uc
1095 958 1161 1024 vie·

178 1067 256 1132 timu
284 1066 431 1132 sacrificii
456 1087 575 1134 emine:
600 1065 756 1154 Apostolis
787 1064 872 1130 enim
902 1079 972 1152 post
995 1077 1161 1154 peractum

177 1174 451 1242 consecrationem
477 1173 621 1242 Clnistus
638 1175 701 1240 uit:
719 1175 787 1240 Hoc
797 1175 895 1260 [acite
907 1173 1056 1239 ionicum
1073 1193 1161 1238 com-

175 1281 438 1345 memorationem
446 1303 459 1358 ;
473 1317 520 1328 -
531 1282 645 1346 eadem
659 1303 699 1346 oc
720 1280 845 1347 uictima
859 1280 1005 1346 sacrificii
1030 1280 1136 1344 euticis
1150 1303 1158 1344 ε

177 1403 264 1460 nom,
277 1381 367 1468 juxto
389 1383 488 1450 Cone.
506 1383 596 1452 Trio.
613 1400 692 1452 sess.
711 1385 769 1465 22,
782 1407 852 1472 cup.
868 1386 902 1462 2,
920 1386 954 1450 iti
976 1385 1087 1450 diuino
1099 1387 1161 1449 ioue

178 1490 352 1576 sacrificio,
371 1492 458 1576 quod
472 1491 506 1556 in
523 1493 624 1558 Misso
637 1493 821 1577 peropitnr,
840 1493 924 1558 idem
942 1492 994 1558 ille
1012 1491 1160 1570 Christus

177 1598 359 1664 continetur
381 1609 410 1664 et
433 1599 599 1664 incruente*
614 1601 814 1680 immolator,
832 1599 889 1686 qni
908 1600 943 1665 io
974 1602 1036 1664 aro
1053 1601 1160 1668 erneis

177 1704 275 1767 semel
284 1703 425 1786 scipsum
439 1707 569 1768 cruente
583 1703 709 1770 obtulit.

169 1797 170 1800 ¹
223 1809 261 1874 2⁰
278 1809 331 1876 list
347 1809 503 1891 Christus,
523 1813 683 1898 quatenns
700 1810 883 1876 continetur
906 1809 967 1876 sub
985 1809 1160 1896 speciebus

132 1930 146 1952 '⁴
178 1916 418 2003 ponisetnini:

216 2025 282 2092 Pr.
301 2024 467 2112 Siquidem
486 2024 527 2092 de
547 2024 672 2090 ratione
688 2022 834 2091 sueciiicii
852 2036 912 2102 est,
932 2029 1035 2089 utres
1052 2021 1157 2089 obluta

173 2130 218 2193 sit
232 2131 410 2198 sensibilis.
425 2133 524 2197 Porro
542 2129 687 2198 Christus
704 2131 734 2195 in
747 2130 944 2196 lluelinristie
960 2143 1009 2196 est
1024 2129 1157 2196 sensibi-

179 2233 218 2297 lis
237 2253 294 2318 per
315 2237 439 2321 speeies
456 2220 593 2302 tnntbm.
620 2237 701 2321 Euge
718 2237 844 2303 victime
862 2236 1010 2303 sueriiicii
1028 2257 1092 2301 non
1110 2247 1156 2300 ost

181 2339 326 2407 Christus
344 2344 375 2407 in
389 2345 518 2431 proprii
534 2350 644 2432 speeie
660 2345 810 2426 existens,
827 2347 886 2414 sed
905 2351 1064 2433 quotenbs
1079 2367 1154 2412 oon·

180 2447 300 2512 tinctus
316 2448 378 2514 sub
391 2449 562 2535 speciebus
576 2450 666 2538 ponis
679 2453 799 2519 etvini.

124 2559 126 2564 ’
224 2553 315 2620 Unde
329 2554 359 2620 in
377 2555 534 2621 sacrificio
547 2557 650 2624 llissae
662 2555 807 2625 Christus
820 2564 868 2624 est
883 2559 1014 2624 uictima
1030 2558 1154 2645 proprie

179 2661 1154 2752 diota.SpeciessunteonditionessinequibnsClnistuscnon

180 2782 264 2836 esset
279 2770 405 2836 uictima
420 2763 492 2857 epte
510 2772 550 2837 ud
568 2771 762 2838 sacrificium
780 2770 945 2838 sensibile.

104 2877 107 2883 '
225 2877 348 2958 Qoaest.
368 2877 417 2943 Ψ.
433 2877 589 2960 Quisnam
607 2879 806 2944 conditiones
814 2879 1026 2963 requiruntur
1037 2881 1072 2944 in
1092 2879 1154 2943 oie·

168 2983 270 3058 'timei
288 3003 361 3061 seu,¹
376 2985 484 3048 citrei-m
505 2987 551 3050 od
573 2986 769 3072 sucrificium
795 2986 937 3072 sufficiat
959 2987 1154 3051 consecratio

179 3091 276 3154 conius
307 3091 446 3172 speciei,
481 3111 526 3157 nn
558 3093 747 3177 requiratur
781 3093 980 3158 colescerotcb
1004 3093 1105 3178 ponis
1129 3102 1155 3158 et

128 3207 135 3216 ·
180 3193 274 3256 vitii?
1025 3209 1028 3214 '

223 3292 273 3359 De
282 3295 342 3362 bec
351 3303 528 3383 qneestione
541 3285 657 3391 duplex
668 3305 886 3372 sententiu-
896 3305 1011 3371 Primo
1020 3294 1154 3372 affirmet

181 3401 454 3468 consecrationem
481 3407 577 3473 nnius
602 3411 720 3496 speciei
749 3407 899 3478 sufficere
919 3411 959 3478 od
984 3405 1153 3478 essentium
