2538 3810
575 85 774 176 v--taa---

227 231 267 302 tt.
283 234 460 315 adcortseq.
473 227 644 296 Credimus
656 226 868 293 Ministcritim
882 225 1171 318 eodeotive‘sump-
1252 275 1253 322 5

182 350 252 406 turn
269 338 492 407 infallibilitate
508 336 663 421 ¹gaudere,
684 333 816 420 qnando
834 332 1041 419 conjungitur
1058 335 1169 402 Ponti·
1252 343 1253 346 ’

182 445 246 512 fici.
273 445 339 511 Hoc
364 455 472 510 autom
494 458 662 526 negamus,
689 440 715 505 si
730 439 947 505 ldinisterium
971 443 989 504 d
1012 442 1169 511 pontifice

182 563 361 638 separetur.
390 550 560 636 Siquidem
586 549 618 613 in
645 547 858 625 ultimoeasu‚
889 546 1102 614 Ministerium
1121 563 1170 615 est

183 655 387 742 acephalum,
406 667 437 722 ct
453 673 492 720 eo
508 654 577 742 ipsa
599 673 663 718 non
683 665 730 717 cst
746 652 956 716 lliuiste'riom
978 673 1093 719 verum
1115 655 1168 720 eui

184 761 328 828 Christus
348 759 606 826 infallibilitatem
630 757 795 845 promisit3
820 756 965 822 Christus
990 759 1080 824 enim
1103 760 1166 826 hoc
1208 787 1211 794 ·

182 868 383 955 privilegium
403 865 597 952 promiserat
608 863 750 948 Collegio
762 863 943 949 Apostolieo
961 866 1012 930 cui
1027 880 1169 952 praecrat

181 974 216 1038 S.
229 973 360 1058 ‚Petrus
380 971 482 1048 Unde,
498 969 531 1033 in
548 989 623 1035 nasu
639 969 803 1034 scissionis
817 969 901 1034 inter
914 969 1099 1056 Episcopus,
1115 974 1167 1037 in-

183 1077 357 1144 fallibilitas
374 1075 493 1141 residet
520 1079 644 1140 tanturn
672 1095 771 1162 penes
789 1072 1019 1162 Episcoporum
1038 1090 1165 1164 partem

185 1203 258 1270 quae
275 1182 419 1246 adhaeret
436 1182 470 1246 S.
491 1179 649 1246 Pontifici.

234 1287 337 1371 Objiu.
363 1287 400 1351 5⁰
427 1288 538 1352 Petrus
556 1287 638 1352 nihil
655 1286 772 1370 agebat
789 1282 979 1354 inconsultis
994 1288 1169 1377 Apostolis.
1252 1339 1253 1354 2

184 1395 266 1480 Ergo
290 1395 361 1460 non'
373 1394 526 1460 credebat
550 1415 585 1460 se
603 1415 673 1459 esse
691 1391 894 1459 infallibilem
909 1395 1172 1483 independenter

184 1501 226 1570 ab
242 1523 375 1567 assensu
387 1513 581 1567 caeterorum
599 1499 838 1588 Apostolorum.

228 1611 456 1694 limpidatae
484 1610 571 1695 quod
600 1609 711 1674 Petrus
743 1607 828 1674 nihil·
848 1611 950 1695 egerit
977 1607 1171 1685 inconsultis
1252 1629 1253 1632 ’

183 1713 353 1804 Apostoiis,
381 1713 514 1780 minime
531 1714 793 1781 concludendum
811 1723 859 1782 est
875 1737 1043 1784 assensum
1068 1718 1170 1806 Apos-

182 1821 322 1888 tolorum
344 1817 443 1885 faisse
466 1820 687 1886 necessarium
713 1821 754 1886 ad
772 1819 948 1915 ¹firmandas
980 1822 1050 1910 ejus
1077 1826 1171 1892 deci·
1252 1861 1253 1868 .

184 1927 305 1994 siones.
334 1925 381 1992 dd
404 1931 568 1992 summ-um
590 1925 704 1993 liceret
731 1926 1077 1996 concluderePetram
1099 1948 1168 1996 non
1252 1965 1253 2008 3

183 2023 283 2100 usam
298 2013 398 2100 icisse
413 2033 582 2121 privilegio
600 2031 662 2100 sibi
683 2052 850 2099 concesso.
869 2023 981 2104 Petrus
997 2048 1106 2100 autern
1122 2037 1166 2104 itd
1252 2109 1253 2112 Ἴ

168 2140 287 2227 'potuit
302 2159 398 2224 agere
415 2139 457 2206 ob
470 2141 611 2206 rationes
624 2133 791 2226 speciales,
803 2147 839 2206 fv.
858 2159 891 2224 g.
911 2136 952 2206 ad
968 2160 1167 2224 cognosecn-
1252 2181 1253 2230 3

182 2244 241 2306 das
263 2242 462 2320 traditiones,
490 2241 540 2306 vel
555 2241 597 2306 ad
621 2239 872 2328 relinquendum
891 2243 1074 2329 exemplum
1092 2265 1168 2321 sac:
1252 2263 1253 2266 ’

184 2343 370 2409 sessoribus
386 2345 466 2410 suis.
1150 2356 1153 2362 “

151 2508 168 2522 ,,
231 2449 336 2532 odju.
358 2449 396 2514 d⁰
420 2451 456 2515 In
475 2449 618 2518 Concilio
636 2451 833 2524 Chalcedon.
858 2461 922 2536 (an.
941 2452 1018 2532 adt)
1045 2465 1109 2519 aot.
1129 2455 1163 2532 d,

179 2553 318 2624 examini
341 2553 487 2642 subJecta
513 2567 562 2620 est
585 2557 721 2642 epistola·
743 2556 776 2623 S.
809 2549 925 2623 Leonis
943 2560 1049 2646 Papae.
1080 2559 1162 2642 Ergo

186 2657 365 2727 Consilium
378 2679 455 2728 nan
469 2695 472 2698 ·
485 2649 682 2745 agnoscebat
706 2663 914 2730 inerrantium
935 2666 968 2731 S.
988 2663 1162 2731 pontilicis.

227 2767 325 2850 desp.
344 2763 474 2831 Factum
493 2767 623 2832 allatum
638 2769 846 2840 solummodo
859 2771 981 2836 valeret
993 2782 1103 2836 eontra
1117 2772 1167 2835 in-

165 2882 167 2886 ’
184 2870 406 2936 lallibilitatem
424 2873 461 2937 ll.
474 2873 649 2953 pontilicis,
661 2877 687 2940 si
705 2867 793 2941 clare
807 2887 969 2942 constaret
986 2877 1045 2945 ΡΙ).
1065 2875 1166 2942 Cone.

185 2975 382 3044 Chalcedon.
410 2979 612 3047 nominasse
633 2981 810 3048 Cleonis
832 2981 1001 3068 epistolam
1027 2982 1168 3047 adeam

82 3091 87 3142 3
183 3082 437 3152 reformandam.
451 3087 552 3151 Porro
569 3087 602 3150 l.
620 3086 684 3152 hoc
705 3109 770 3154 non
788 3087 965 3176 probatur,
989 3087 1023 3155 2.
1042 3099 1171 3154 contra·

185 3202 270 3252 rrum
287 3203 423 3258 constat.
534 3213 537 3228 .
601 3240 604 3246 .

229 3287 265 3349 lt
283 3285 351 3354 Non
366 3292 524 3376 probatur
540 3295 600 3360 ΡΙ).
626 3295 725 3363 Conc.
746 3297 944 3366 Chalcedon.
966 3300 1171 3368 examinasse

185 3382 219 3448 S.
238 3388 352 3454 Leonis
367 3395 592 3477 epistolamad
615 3419 688 3465 cam
707 3403 969 3471 reformandam:
991 3407 1168 3494 ¹Siquidem
