<?xml version="1.0" encoding="UTF-8"?>
<!DOCTYPE html PUBLIC "-//W3C//DTD XHTML 1.0 Transitional//EN"
    "http://www.w3.org/TR/xhtml1/DTD/xhtml1-transitional.dtd">
<html xmlns="http://www.w3.org/1999/xhtml" xml:lang="en" lang="en">
 <head>
  <title>
</title>
<meta http-equiv="Content-Type" content="text/html;charset=utf-8" />
  <meta name='ocr-system' content='tesseract 3.04.00' />
  <meta name='ocr-capabilities' content='ocr_page ocr_carea ocr_par ocr_line ocrx_word'/>
</head>
<body>
  <div class='ocr_page' id='page_1' title='image "./theologiadogmat01fraigoog_0151.png"; bbox 0 0 2538 3810; ppageno 0'>
   <div class='ocr_carea' id='block_1_1' title="bbox 560 89 762 196">
    <p class='ocr_par' dir='ltr' id='par_1_1' title="bbox 560 89 762 196">
     <span class='ocr_line' id='line_1_1' title="bbox 560 89 762 196; baseline -0.005 0"><span class='ocrx_word' id='word_1_1' title='bbox 560 89 762 196; x_wconf 44' lang='lat' dir='ltr'>-tt&#39;o-a</span> 
     </span>
    </p>
   </div>
   <div class='ocr_carea' id='block_1_2' title="bbox 75 271 1188 2898">
    <p class='ocr_par' dir='ltr' id='par_1_2' title="bbox 75 271 1188 2898">
     <span class='ocr_line' id='line_1_2' title="bbox 177 271 1169 363; baseline -0.007 -15"><span class='ocrx_word' id='word_1_2' title='bbox 177 279 275 348; x_wconf 88' lang='lat' dir='ltr'>aiiioit</span> <span class='ocrx_word' id='word_1_3' title='bbox 299 295 396 344; x_wconf 87' lang='lat' dir='ltr'>unam</span> <span class='ocrx_word' id='word_1_4' title='bbox 422 280 478 344; x_wconf 88' lang='lat' dir='ltr'>aut</span> <span class='ocrx_word' id='word_1_5' title='bbox 501 272 611 362; x_wconf 84' lang='lat' dir='ltr'>piures</span> <span class='ocrx_word' id='word_1_6' title='bbox 628 271 865 363; x_wconf 81' lang='lat' dir='ltr'>propositiones</span> <span class='ocrx_word' id='word_1_7' title='bbox 882 271 1001 359; x_wconf 89' lang='lat' dir='ltr'>quibus</span> <span class='ocrx_word' id='word_1_8' title='bbox 1020 273 1169 341; x_wconf 88' lang='lat' dir='ltr'>inuritur</span> 
     </span>
     <span class='ocr_line' id='line_1_3' title="bbox 178 375 1164 466; baseline -0.004 -14"><span class='ocrx_word' id='word_1_9' title='bbox 178 395 252 452; x_wconf 87' lang='lat' dir='ltr'>nota</span> <span class='ocrx_word' id='word_1_10' title='bbox 274 403 331 450; x_wconf 87' lang='lat' dir='ltr'>seu</span> <span class='ocrx_word' id='word_1_11' title='bbox 348 400 484 448; x_wconf 83' lang='lat' dir='ltr'>censura</span> <span class='ocrx_word' id='word_1_12' title='bbox 507 380 737 456; x_wconf 80' lang='lat' dir='ltr'>determinata;</span> <span class='ocrx_word' id='word_1_13' title='bbox 765 399 796 444; x_wconf 86' lang='lat' dir='ltr'>v.</span> <span class='ocrx_word' id='word_1_14' title='bbox 825 398 858 462; x_wconf 80' lang='lat' dir='ltr'>g.</span> <span class='ocrx_word' id='word_1_15' title='bbox 887 375 958 444; x_wconf 87' lang='lat' dir='ltr'>talis</span> <span class='ocrx_word' id='word_1_16' title='bbox 983 379 1164 466; x_wconf 71' lang='lat' dir='ltr'>propositio</span> 
     </span>
     <span class='ocr_line' id='line_1_4' title="bbox 178 483 1167 573; baseline 0 -19"><span class='ocrx_word' id='word_1_17' title='bbox 178 487 404 556; x_wconf 84' lang='lat' dir='ltr'>cst-haeretica.</span> <span class='ocrx_word' id='word_1_18' title='bbox 432 486 558 554; x_wconf 76' lang='lat' dir='ltr'>Dicitur</span> <span class='ocrx_word' id='word_1_19' title='bbox 573 485 729 570; x_wconf 79' lang='lat' dir='ltr'>inplebo,</span> <span class='ocrx_word' id='word_1_20' title='bbox 752 483 886 570; x_wconf 81' lang='lat' dir='ltr'>quando</span> <span class='ocrx_word' id='word_1_21' title='bbox 910 484 1055 550; x_wconf 86' lang='lat' dir='ltr'>doctrina</span> <span class='ocrx_word' id='word_1_22' title='bbox 1079 496 1167 573; x_wconf 82' lang='lat' dir='ltr'>quae·</span> 
     </span>
     <span class='ocr_line' id='line_1_5' title="bbox 178 589 1171 682; baseline -0.002 -22"><span class='ocrx_word' id='word_1_23' title='bbox 178 597 253 660; x_wconf 89' lang='lat' dir='ltr'>dam</span> <span class='ocrx_word' id='word_1_24' title='bbox 278 595 310 660; x_wconf 85' lang='lat' dir='ltr'>iri</span> <span class='ocrx_word' id='word_1_25' title='bbox 337 613 457 677; x_wconf 78' lang='lat' dir='ltr'>genere</span> <span class='ocrx_word' id='word_1_26' title='bbox 479 593 661 669; x_wconf 85' lang='lat' dir='ltr'>damnatur,</span> <span class='ocrx_word' id='word_1_27' title='bbox 689 589 777 656; x_wconf 86' lang='lat' dir='ltr'>nulla</span> <span class='ocrx_word' id='word_1_28' title='bbox 799 589 930 676; x_wconf 82' lang='lat' dir='ltr'>speciali</span> <span class='ocrx_word' id='word_1_29' title='bbox 946 598 1024 655; x_wconf 85' lang='lat' dir='ltr'>nota</span> <span class='ocrx_word' id='word_1_30' title='bbox 1041 609 1171 682; x_wconf 66' lang='lat' dir='ltr'>propo«</span> 
     </span>
     <span class='ocr_line' id='line_1_6' title="bbox 178 693 1165 784; baseline -0.001 -19"><span class='ocrx_word' id='word_1_31' title='bbox 178 699 350 766; x_wconf 79' lang='lat' dir='ltr'>titionibus</span> <span class='ocrx_word' id='word_1_32' title='bbox 367 697 506 774; x_wconf 78' lang='lat' dir='ltr'>inssiota;</span> <span class='ocrx_word' id='word_1_33' title='bbox 533 695 583 762; x_wconf 88' lang='lat' dir='ltr'>vei</span> <span class='ocrx_word' id='word_1_34' title='bbox 601 696 732 782; x_wconf 76' lang='lat' dir='ltr'>qnando</span> <span class='ocrx_word' id='word_1_35' title='bbox 749 707 833 760; x_wconf 86' lang='lat' dir='ltr'>notae</span> <span class='ocrx_word' id='word_1_36' title='bbox 849 693 1072 762; x_wconf 86' lang='lat' dir='ltr'>attribuuntur</span> <span class='ocrx_word' id='word_1_37' title='bbox 1089 719 1165 784; x_wconf 89' lang='lat' dir='ltr'>pru-</span> 
     </span>
     <span class='ocr_line' id='line_1_7' title="bbox 180 797 1162 894; baseline -0.002 -23"><span class='ocrx_word' id='word_1_38' title='bbox 180 805 394 894; x_wconf 79' lang='lat' dir='ltr'>positionibus</span> <span class='ocrx_word' id='word_1_39' title='bbox 418 803 607 889; x_wconf 79' lang='lat' dir='ltr'>&#39;respective‚</span> <span class='ocrx_word' id='word_1_40' title='bbox 638 822 705 866; x_wconf 91' lang='lat' dir='ltr'>non</span> <span class='ocrx_word' id='word_1_41' title='bbox 729 797 862 865; x_wconf 79' lang='lat' dir='ltr'>delinito</span> <span class='ocrx_word' id='word_1_42' title='bbox 883 808 990 866; x_wconf 85' lang='lat' dir='ltr'>tamon</span> <span class='ocrx_word' id='word_1_43' title='bbox 1009 821 1162 888; x_wconf 84' lang='lat' dir='ltr'>quaenam</span> 
     </span>
     <span class='ocr_line' id='line_1_8' title="bbox 181 906 1168 997; baseline -0.003 -20"><span class='ocrx_word' id='word_1_44' title='bbox 181 927 330 978; x_wconf 88' lang='lat' dir='ltr'>notarum</span> <span class='ocrx_word' id='word_1_45' title='bbox 362 909 486 997; x_wconf 82' lang='lat' dir='ltr'>speeies</span> <span class='ocrx_word' id='word_1_46' title='bbox 517 908 651 993; x_wconf 78' lang='lat' dir='ltr'>singulis</span> <span class='ocrx_word' id='word_1_47' title='bbox 683 906 957 994; x_wconf 90' lang='lat' dir='ltr'>proposit-ionibus</span> <span class='ocrx_word' id='word_1_48' title='bbox 985 907 1168 994; x_wconf 84' lang='lat' dir='ltr'>competat.-</span> 
     </span>
     <span class='ocr_line' id='line_1_9' title="bbox 181 997 1164 1100; baseline -0.005 -17"><span class='ocrx_word' id='word_1_49' title='bbox 181 1018 247 1083; x_wconf 87' lang='lat' dir='ltr'>iioc</span> <span class='ocrx_word' id='word_1_50' title='bbox 272 1015 386 1082; x_wconf 89' lang='lat' dir='ltr'>ultimo</span> <span class='ocrx_word' id='word_1_51' title='bbox 410 1015 512 1080; x_wconf 90' lang='lat' dir='ltr'>modo</span> <span class='ocrx_word' id='word_1_52' title='bbox 526 1013 624 1078; x_wconf 85' lang='lat' dir='ltr'>Cone.</span> <span class='ocrx_word' id='word_1_53' title='bbox 645 1011 900 1093; x_wconf 85' lang='lat' dir='ltr'>Constantiense,</span> <span class='ocrx_word' id='word_1_54' title='bbox 929 997 1007 1077; x_wconf 76' lang='lat' dir='ltr'>sess.</span> <span class='ocrx_word' id='word_1_55' title='bbox 1033 1011 1066 1091; x_wconf 91' lang='lat'>8,</span> <span class='ocrx_word' id='word_1_56' title='bbox 1086 1017 1164 1100; x_wconf 90' lang='lat' dir='ltr'>pro·-</span> 
     </span>
     <span class='ocr_line' id='line_1_10' title="bbox 179 1117 1164 1209; baseline -0.004 -19"><span class='ocrx_word' id='word_1_57' title='bbox 179 1121 306 1209; x_wconf 87' lang='lat' dir='ltr'>scripsit</span> <span class='ocrx_word' id='word_1_58' title='bbox 320 1123 364 1188; x_wconf 79' lang='lat' dir='ltr'>tn</span> <span class='ocrx_word' id='word_1_59' title='bbox 381 1119 535 1188; x_wconf 77' lang='lat' dir='ltr'>articulos</span> <span class='ocrx_word' id='word_1_60' title='bbox 553 1121 649 1188; x_wconf 90' lang='lat' dir='ltr'>Joan.</span> <span class='ocrx_word' id='word_1_61' title='bbox 677 1117 820 1197; x_wconf 79' lang='lat' dir='ltr'>wiclefi,</span> <span class='ocrx_word' id='word_1_62' title='bbox 849 1118 1039 1185; x_wconf 77' lang='lat' dir='ltr'>declarans:</span> <span class='ocrx_word' id='word_1_63' title='bbox 1070 1148 1084 1178; x_wconf 79' lang='grc' dir='ltr'>ι</span> <span class='ocrx_word' id='word_1_64' title='bbox 1106 1120 1164 1186; x_wconf 84' lang='lat' dir='ltr'>aii·</span> 
     </span>
     <span class='ocr_line' id='line_1_11' title="bbox 182 1225 1168 1314; baseline 0 -22"><span class='ocrx_word' id='word_1_65' title='bbox 182 1247 264 1314; x_wconf 87' lang='lat' dir='ltr'>quos</span> <span class='ocrx_word' id='word_1_66' title='bbox 280 1235 312 1293; x_wconf 85' lang='lat' dir='ltr'>et</span> <span class='ocrx_word' id='word_1_67' title='bbox 328 1227 480 1314; x_wconf 87' lang='lat' dir='ltr'>piures...</span> <span class='ocrx_word' id='word_1_68' title='bbox 500 1245 570 1292; x_wconf 86' lang='lat' dir='ltr'>csse</span> <span class='ocrx_word' id='word_1_69' title='bbox 584 1225 708 1292; x_wconf 82' lang='lat' dir='ltr'>notorie</span> <span class='ocrx_word' id='word_1_70' title='bbox 721 1225 904 1303; x_wconf 84' lang='lat' dir='ltr'>haereticos,</span> <span class='ocrx_word' id='word_1_71' title='bbox 925 1238 955 1290; x_wconf 90' lang='lat' dir='ltr'>et</span> <span class='ocrx_word' id='word_1_72' title='bbox 969 1231 987 1288; x_wconf 76' lang='lat' dir='ltr'>it</span> <span class='ocrx_word' id='word_1_73' title='bbox 1000 1225 1056 1292; x_wconf 85' lang='lat' dir='ltr'>SS.</span> <span class='ocrx_word' id='word_1_74' title='bbox 1069 1227 1168 1292; x_wconf 75' lang='lat' dir='ltr'>Patri</span> 
     </span>
     <span class='ocr_line' id='line_1_12' title="bbox 140 1329 1163 1420; baseline -0.002 -20"><span class='ocrx_word' id='word_1_75' title='bbox 140 1373 142 1380; x_wconf 63' lang='lat'>‹</span> <span class='ocrx_word' id='word_1_76' title='bbox 183 1334 244 1400; x_wconf 85' lang='lat' dir='ltr'>bus</span> <span class='ocrx_word' id='word_1_77' title='bbox 269 1333 472 1420; x_wconf 62' lang='lat' dir='ltr'>reprobatos</span> <span class='ocrx_word' id='word_1_78' title='bbox 501 1332 583 1399; x_wconf 89' lang='lat' dir='ltr'>alios</span> <span class='ocrx_word' id='word_1_79' title='bbox 604 1353 668 1397; x_wconf 88' lang='lat' dir='ltr'>nun</span> <span class='ocrx_word' id='word_1_80' title='bbox 698 1329 886 1408; x_wconf 85' lang='lat' dir='ltr'>catholicos,</span> <span class='ocrx_word' id='word_1_81' title='bbox 912 1330 968 1396; x_wconf 87' lang='lat' dir='ltr'>scd</span> <span class='ocrx_word' id='word_1_82' title='bbox 994 1343 1163 1414; x_wconf 81' lang='lat' dir='ltr'>erroneos,</span> 
     </span>
     <span class='ocr_line' id='line_1_13' title="bbox 182 1436 1166 1524; baseline -0.002 -19"><span class='ocrx_word' id='word_1_83' title='bbox 182 1438 484 1506; x_wconf 78' lang='lat' dir='ltr'>attossoaodatosos</span> <span class='ocrx_word' id='word_1_84' title='bbox 501 1452 532 1505; x_wconf 90' lang='lat' dir='ltr'>et</span> <span class='ocrx_word' id='word_1_85' title='bbox 548 1437 768 1524; x_wconf 85' lang='lat' dir='ltr'>blasphemos,</span> <span class='ocrx_word' id='word_1_86' title='bbox 788 1436 946 1522; x_wconf 88' lang='lat' dir='ltr'>quosdam</span> <span class='ocrx_word' id='word_1_87' title='bbox 964 1436 1093 1523; x_wconf 84' lang='lat' dir='ltr'>piarum</span> <span class='ocrx_word' id='word_1_88' title='bbox 1110 1459 1166 1503; x_wconf 90' lang='lat' dir='ltr'>au·</span> 
     </span>
     <span class='ocr_line' id='line_1_14' title="bbox 184 1542 1166 1625; baseline -0.002 -15"><span class='ocrx_word' id='word_1_89' title='bbox 184 1545 268 1611; x_wconf 88' lang='lat' dir='ltr'>rium</span> <span class='ocrx_word' id='word_1_90' title='bbox 279 1545 461 1622; x_wconf 80' lang='lat' dir='ltr'>offensivos,</span> <span class='ocrx_word' id='word_1_91' title='bbox 471 1544 644 1612; x_wconf 89' lang='lat' dir='ltr'>nonnullos</span> <span class='ocrx_word' id='word_1_92' title='bbox 656 1543 843 1610; x_wconf 88' lang='lat' dir='ltr'>temerarios</span> <span class='ocrx_word' id='word_1_93' title='bbox 853 1555 885 1609; x_wconf 90' lang='lat' dir='ltr'>et</span> <span class='ocrx_word' id='word_1_94' title='bbox 893 1542 1077 1610; x_wconf 88' lang='lat' dir='ltr'>seditiosos.</span> <span class='ocrx_word' id='word_1_95' title='bbox 1095 1545 1166 1625; x_wconf 80' lang='grc'><strong>»(1)</strong></span> 
     </span>
     <span class='ocr_line' id='line_1_15' title="bbox 184 1651 716 1736; baseline -0.011 -20"><span class='ocrx_word' id='word_1_96' title='bbox 184 1651 394 1736; x_wconf 63' lang='lat' dir='ltr'>(imposito,</span> <span class='ocrx_word' id='word_1_97' title='bbox 714 1707 716 1710; x_wconf 84' lang='lat'>.</span> 
     </span>
     <span class='ocr_line' id='line_1_16' title="bbox 228 1750 1164 1841; baseline -0.001 -24"><span class='ocrx_word' id='word_1_98' title='bbox 228 1750 1164 1841; x_wconf 62' lang='lat' dir='ltr'>i⁰lniailibiiiasuniEocicsiae&#39;judiciaquibuspropositio-</span> 
     </span>
     <span class='ocr_line' id='line_1_17' title="bbox 184 1848 1165 1944; baseline 0 -20"><span class='ocrx_word' id='word_1_99' title='bbox 184 1879 242 1924; x_wconf 88' lang='lat' dir='ltr'>nes</span> <span class='ocrx_word' id='word_1_100' title='bbox 264 1859 295 1923; x_wconf 93' lang='lat' dir='ltr'>in</span> <span class='ocrx_word' id='word_1_101' title='bbox 318 1857 424 1944; x_wconf 88' lang='lat' dir='ltr'>specie</span> <span class='ocrx_word' id='word_1_102' title='bbox 441 1859 646 1928; x_wconf 82' lang='lat' dir='ltr'>damnantur.</span> <span class='ocrx_word' id='word_1_103' title='bbox 671 1859 737 1923; x_wconf 82' lang='lat' dir='ltr'>lino</span> <span class='ocrx_word' id='word_1_104' title='bbox 749 1857 789 1922; x_wconf 87' lang='lat' dir='ltr'>ab</span> <span class='ocrx_word' id='word_1_105' title='bbox 804 1857 957 1930; x_wconf 88' lang='lat' dir='ltr'>omnibus</span> <span class='ocrx_word' id='word_1_106' title='bbox 971 1848 1165 1924; x_wconf 80' lang='lat' dir='ltr'>admittitur.</span> 
     </span>
     <span class='ocr_line' id='line_1_18' title="bbox 123 1962 1166 2049; baseline 0.001 -21"><span class='ocrx_word' id='word_1_107' title='bbox 123 1965 125 1970; x_wconf 85' lang='grc'><strong>’</strong></span> <span class='ocrx_word' id='word_1_108' title='bbox 228 1965 266 2028; x_wconf 64' lang='lat'>2⁰</span> <span class='ocrx_word' id='word_1_109' title='bbox 286 1965 363 2030; x_wconf 86' lang='lat' dir='ltr'>item</span> <span class='ocrx_word' id='word_1_110' title='bbox 380 1963 558 2030; x_wconf 75' lang='lat' dir='ltr'>infamatio</span> <span class='ocrx_word' id='word_1_111' title='bbox 584 1963 659 2029; x_wconf 84' lang='lat' dir='ltr'>suni</span> <span class='ocrx_word' id='word_1_112' title='bbox 677 1965 809 2049; x_wconf 78' lang='lat' dir='ltr'>quando</span> <span class='ocrx_word' id='word_1_113' title='bbox 833 1963 1058 2030; x_wconf 84' lang='lat' dir='ltr'>condemnatio</span> <span class='ocrx_word' id='word_1_114' title='bbox 1076 1962 1111 2028; x_wconf 86' lang='lat' dir='ltr'>fit</span> <span class='ocrx_word' id='word_1_115' title='bbox 1128 1963 1166 2029; x_wconf 87' lang='lat' dir='ltr'>in</span> 
     </span>
     <span class='ocr_line' id='line_1_19' title="bbox 181 2069 932 2159; baseline -0.005 -22"><span class='ocrx_word' id='word_1_116' title='bbox 181 2071 292 2158; x_wconf 76' lang='lat' dir='ltr'>giobo.</span> <span class='ocrx_word' id='word_1_117' title='bbox 312 2073 409 2154; x_wconf 85' lang='lat' dir='ltr'>Quod</span> <span class='ocrx_word' id='word_1_118' title='bbox 424 2086 532 2141; x_wconf 86' lang='lat' dir='ltr'>contra</span> <span class='ocrx_word' id='word_1_119' title='bbox 549 2069 747 2136; x_wconf 83' lang='lat' dir='ltr'>Jansenistas</span> <span class='ocrx_word' id='word_1_120' title='bbox 763 2070 932 2159; x_wconf 87' lang='lat' dir='ltr'>probatur,</span> 
     </span>
     <span class='ocr_line' id='line_1_20' title="bbox 75 2173 1167 2264; baseline -0.003 -19"><span class='ocrx_word' id='word_1_121' title='bbox 75 2251 79 2254; x_wconf 55' lang='grc'><strong>,</strong></span> <span class='ocrx_word' id='word_1_122' title='bbox 230 2179 262 2245; x_wconf 81' lang='lat' dir='ltr'>i.</span> <span class='ocrx_word' id='word_1_123' title='bbox 278 2178 423 2248; x_wconf 85' lang='lat' dir='ltr'>Ratione.</span> <span class='ocrx_word' id='word_1_124' title='bbox 448 2179 479 2244; x_wconf 89' lang='lat' dir='ltr'>Si</span> <span class='ocrx_word' id='word_1_125' title='bbox 498 2177 724 2244; x_wconf 84' lang='lat' dir='ltr'>condemnatio</span> <span class='ocrx_word' id='word_1_126' title='bbox 737 2177 995 2264; x_wconf 87' lang='lat' dir='ltr'>propositionum</span> <span class='ocrx_word' id='word_1_127' title='bbox 1015 2173 1048 2240; x_wconf 88' lang='lat' dir='ltr'>in</span> <span class='ocrx_word' id='word_1_128' title='bbox 1063 2173 1167 2258; x_wconf 80' lang='lat' dir='ltr'>&#39;globo</span> 
     </span>
     <span class='ocr_line' id='line_1_21' title="bbox 99 2281 1164 2362; baseline 0.001 -18"><span class='ocrx_word' id='word_1_129' title='bbox 99 2341 101 2344; x_wconf 84' lang='lat'>.</span> <span class='ocrx_word' id='word_1_130' title='bbox 183 2303 249 2348; x_wconf 88' lang='lat' dir='ltr'>non</span> <span class='ocrx_word' id='word_1_131' title='bbox 274 2297 359 2347; x_wconf 86' lang='lat' dir='ltr'>esset</span> <span class='ocrx_word' id='word_1_132' title='bbox 381 2283 570 2360; x_wconf 79' lang='lat' dir='ltr'>infallibilis,</span> <span class='ocrx_word' id='word_1_133' title='bbox 596 2284 747 2362; x_wconf 75' lang='lat' dir='ltr'>maxime,</span> <span class='ocrx_word' id='word_1_134' title='bbox 777 2295 811 2347; x_wconf 90' lang='lat' dir='ltr'>ut</span> <span class='ocrx_word' id='word_1_135' title='bbox 839 2283 950 2348; x_wconf 90' lang='lat' dir='ltr'>volunt</span> <span class='ocrx_word' id='word_1_136' title='bbox 971 2281 1164 2354; x_wconf 80' lang='lat' dir='ltr'>adversarii,</span> 
     </span>
     <span class='ocr_line' id='line_1_22' title="bbox 184 2385 1168 2472; baseline 0.002 -24"><span class='ocrx_word' id='word_1_137' title='bbox 184 2385 262 2470; x_wconf 84' lang='lat' dir='ltr'>qnia</span> <span class='ocrx_word' id='word_1_138' title='bbox 276 2385 397 2451; x_wconf 86' lang='lat' dir='ltr'>inutilis</span> <span class='ocrx_word' id='word_1_139' title='bbox 412 2395 508 2465; x_wconf 85' lang='lat' dir='ltr'>esset,</span> <span class='ocrx_word' id='word_1_140' title='bbox 537 2387 659 2452; x_wconf 87' lang='lat' dir='ltr'>etnihii</span> <span class='ocrx_word' id='word_1_141' title='bbox 677 2387 825 2454; x_wconf 70' lang='lat' dir='ltr'>distincte</span> <span class='ocrx_word' id='word_1_142' title='bbox 838 2387 1034 2452; x_wconf 80' lang='lat' dir='ltr'>credendum</span> <span class='ocrx_word' id='word_1_143' title='bbox 1049 2406 1168 2472; x_wconf 85' lang='lat' dir='ltr'>propo·</span> 
     </span>
     <span class='ocr_line' id='line_1_23' title="bbox 137 2489 1168 2561; baseline 0.002 -5"><span class='ocrx_word' id='word_1_144' title='bbox 137 2533 142 2536; x_wconf 92' lang='lat'><em>-</em></span> <span class='ocrx_word' id='word_1_145' title='bbox 183 2503 286 2558; x_wconf 83' lang='lat' dir='ltr'>noret.</span> <span class='ocrx_word' id='word_1_146' title='bbox 299 2489 415 2558; x_wconf 66' lang='lat' dir='ltr'>‘Porro</span> <span class='ocrx_word' id='word_1_147' title='bbox 436 2491 498 2561; x_wconf 85' lang='lat' dir='ltr'>irco</span> <span class='ocrx_word' id='word_1_148' title='bbox 514 2492 630 2558; x_wconf 82' lang='lat' dir='ltr'>salsum</span> <span class='ocrx_word' id='word_1_149' title='bbox 646 2504 706 2560; x_wconf 86' lang='lat' dir='ltr'>est.</span> <span class='ocrx_word' id='word_1_150' title='bbox 726 2495 810 2560; x_wconf 83' lang='lat' dir='ltr'>Licet</span> <span class='ocrx_word' id='word_1_151' title='bbox 827 2494 913 2559; x_wconf 85' lang='lat' dir='ltr'>enim</span> <span class='ocrx_word' id='word_1_152' title='bbox 937 2491 1168 2559; x_wconf 84' lang='lat' dir='ltr'>condemnatio</span> 
     </span>
     <span class='ocr_line' id='line_1_24' title="bbox 185 2591 1167 2686; baseline 0 -24"><span class='ocrx_word' id='word_1_153' title='bbox 185 2597 226 2663; x_wconf 85' lang='lat' dir='ltr'>sit</span> <span class='ocrx_word' id='word_1_154' title='bbox 250 2597 438 2684; x_wconf 85' lang='lat' dir='ltr'>simpiioiter</span> <span class='ocrx_word' id='word_1_155' title='bbox 462 2599 494 2662; x_wconf 94' lang='lat' dir='ltr'>in</span> <span class='ocrx_word' id='word_1_156' title='bbox 519 2599 692 2684; x_wconf 72' lang='lat' dir='ltr'>globoso</span> <span class='ocrx_word' id='word_1_157' title='bbox 716 2591 785 2686; x_wconf 92' lang='lat' dir='ltr'>ipso</span> <span class='ocrx_word' id='word_1_158' title='bbox 812 2599 1030 2666; x_wconf 88' lang='lat' dir='ltr'>admonemur</span> <span class='ocrx_word' id='word_1_159' title='bbox 1052 2595 1167 2662; x_wconf 82' lang='lat' dir='ltr'>fideles</span> 
     </span>
     <span class='ocr_line' id='line_1_25' title="bbox 184 2702 1170 2793; baseline 0.001 -23"><span class='ocrx_word' id='word_1_160' title='bbox 184 2725 297 2770; x_wconf 89' lang='lat' dir='ltr'>cavere</span> <span class='ocrx_word' id='word_1_161' title='bbox 313 2705 353 2771; x_wconf 82' lang='lat' dir='ltr'>ab</span> <span class='ocrx_word' id='word_1_162' title='bbox 371 2705 425 2771; x_wconf 79' lang='lat' dir='ltr'>itta</span> <span class='ocrx_word' id='word_1_163' title='bbox 441 2705 598 2786; x_wconf 78' lang='lat' dir='ltr'>doctrina,</span> <span class='ocrx_word' id='word_1_164' title='bbox 619 2707 729 2793; x_wconf 79' lang='lat' dir='ltr'>utpote</span> <span class='ocrx_word' id='word_1_165' title='bbox 746 2705 824 2771; x_wconf 71' lang='lat' dir='ltr'>falsa</span> <span class='ocrx_word' id='word_1_166' title='bbox 841 2711 896 2770; x_wconf 86' lang='lat' dir='ltr'>aut</span> <span class='ocrx_word' id='word_1_167' title='bbox 911 2702 1026 2790; x_wconf 83' lang='lat' dir='ltr'>saitem</span> <span class='ocrx_word' id='word_1_168' title='bbox 1044 2703 1170 2790; x_wconf 84' lang='lat' dir='ltr'>pericu·</span> 
     </span>
     <span class='ocr_line' id='line_1_26' title="bbox 183 2804 1188 2898; baseline 0 -23"><span class='ocrx_word' id='word_1_169' title='bbox 183 2809 265 2894; x_wconf 83' lang='lat' dir='ltr'>losa.</span> <span class='ocrx_word' id='word_1_170' title='bbox 289 2811 337 2890; x_wconf 84' lang='lat' dir='ltr'>Et,</span> <span class='ocrx_word' id='word_1_171' title='bbox 360 2813 386 2876; x_wconf 85' lang='lat' dir='ltr'>si</span> <span class='ocrx_word' id='word_1_172' title='bbox 403 2813 641 2898; x_wconf 84' lang='lat' dir='ltr'>propositiones</span> <span class='ocrx_word' id='word_1_173' title='bbox 661 2811 857 2898; x_wconf 83' lang='lat' dir='ltr'>&#39;quibusdam</span> <span class='ocrx_word' id='word_1_174' title='bbox 879 2810 963 2875; x_wconf 90' lang='lat' dir='ltr'>notis</span> <span class='ocrx_word' id='word_1_175' title='bbox 982 2804 1188 2875; x_wconf 85' lang='lat' dir='ltr'>afficiuntur</span> 
     </span>
    </p>
   </div>
   <div class='ocr_carea' id='block_1_3' title="bbox 76 2915 1162 3013">
    <p class='ocr_par' dir='ltr' id='par_1_3' title="bbox 76 2915 1162 3013">
     <span class='ocr_line' id='line_1_27' title="bbox 76 2915 1162 3013; baseline 0.001 -34"><span class='ocrx_word' id='word_1_176' title='bbox 76 2969 81 2979; x_wconf 82' lang='grc'><strong>,</strong></span> <span class='ocrx_word' id='word_1_177' title='bbox 171 2919 368 3013; x_wconf 53' lang='lat' dir='ltr'>“respectiva</span> <span class='ocrx_word' id='word_1_178' title='bbox 383 2937 421 2982; x_wconf 86' lang='lat' dir='ltr'>co</span> <span class='ocrx_word' id='word_1_179' title='bbox 433 2917 501 3004; x_wconf 89' lang='lat' dir='ltr'>ipso</span> <span class='ocrx_word' id='word_1_180' title='bbox 515 2917 675 2984; x_wconf 83' lang='lat' dir='ltr'>indicatur</span> <span class='ocrx_word' id='word_1_181' title='bbox 687 2917 809 2984; x_wconf 85' lang='lat' dir='ltr'>nullam</span> <span class='ocrx_word' id='word_1_182' title='bbox 823 2933 893 2982; x_wconf 89' lang='lat' dir='ltr'>esse</span> <span class='ocrx_word' id='word_1_183' title='bbox 906 2915 1162 3003; x_wconf 87' lang='lat' dir='ltr'>propositionem</span> 
     </span>
    </p>
   </div>
   <div class='ocr_carea' id='block_1_4' title="bbox 148 3013 1168 3226">
    <p class='ocr_par' dir='ltr' id='par_1_4' title="bbox 148 3013 1168 3226">
     <span class='ocr_line' id='line_1_28' title="bbox 184 3013 1166 3111; baseline -0.005 -22"><span class='ocrx_word' id='word_1_184' title='bbox 184 3043 257 3110; x_wconf 85' lang='lat' dir='ltr'>quau</span> <span class='ocrx_word' id='word_1_185' title='bbox 276 3021 332 3087; x_wconf 94' lang='lat' dir='ltr'>uni</span> <span class='ocrx_word' id='word_1_186' title='bbox 353 3023 411 3092; x_wconf 82' lang='lat' dir='ltr'>&#39;aut</span> <span class='ocrx_word' id='word_1_187' title='bbox 427 3021 574 3111; x_wconf 84' lang='lat' dir='ltr'>pluribus</span> <span class='ocrx_word' id='word_1_188' title='bbox 590 3029 610 3090; x_wconf 79' lang='lat' dir='ltr'>e</span> <span class='ocrx_word' id='word_1_189' title='bbox 626 3026 711 3090; x_wconf 91' lang='lat' dir='ltr'>notis</span> <span class='ocrx_word' id='word_1_190' title='bbox 728 3024 881 3111; x_wconf 89' lang='lat' dir='ltr'>appositis</span> <span class='ocrx_word' id='word_1_191' title='bbox 902 3014 967 3086; x_wconf 90' lang='lat' dir='ltr'>non</span> <span class='ocrx_word' id='word_1_192' title='bbox 985 3013 1166 3106; x_wconf 85' lang='lat' dir='ltr'>subjaceat,</span> 
     </span>
     <span class='ocr_line' id='line_1_29' title="bbox 148 3128 1168 3226; baseline 0.005 -33"><span class='ocrx_word' id='word_1_193' title='bbox 148 3133 150 3140; x_wconf 82' lang='grc'><strong>“</strong></span> <span class='ocrx_word' id='word_1_194' title='bbox 184 3129 559 3218; x_wconf 67' lang='lat' dir='ltr'>autsaitcm‘qunmiibct</span> <span class='ocrx_word' id='word_1_195' title='bbox 572 3131 826 3226; x_wconf 86' lang='lat' dir='ltr'>propositionem</span> <span class='ocrx_word' id='word_1_196' title='bbox 844 3128 992 3195; x_wconf 81' lang='lat' dir='ltr'>distincte</span> <span class='ocrx_word' id='word_1_197' title='bbox 1004 3139 1168 3216; x_wconf 86' lang='lat' dir='ltr'>sumptam</span> 
     </span>
    </p>
   </div>
   <div class='ocr_carea' id='block_1_5' title="bbox 184 3331 1176 3497">
    <p class='ocr_par' dir='ltr' id='par_1_5' title="bbox 184 3331 1176 3497">
     <span class='ocr_line' id='line_1_30' title="bbox 216 3331 1176 3425; baseline 0.004 -16"><span class='ocrx_word' id='word_1_198' title='bbox 216 3357 252 3420; x_wconf 83' lang='lat' dir='ltr'>(t)</span> <span class='ocrx_word' id='word_1_199' title='bbox 280 3359 316 3410; x_wconf 81' lang='lat' dir='ltr'>Do</span> <span class='ocrx_word' id='word_1_200' title='bbox 333 3331 405 3412; x_wconf 79' lang='lat' dir='ltr'>oottr</span> <span class='ocrx_word' id='word_1_201' title='bbox 422 3362 576 3423; x_wconf 75' lang='lat' dir='ltr'>tirocinot‘ct&#39;s</span> <span class='ocrx_word' id='word_1_202' title='bbox 600 3365 681 3416; x_wconf 76' lang='lat' dir='ltr'>fustus</span> <span class='ocrx_word' id='word_1_203' title='bbox 705 3365 856 3418; x_wconf 80' lang='lat' dir='ltr'>tractabitur</span> <span class='ocrx_word' id='word_1_204' title='bbox 876 3358 921 3416; x_wconf 86' lang='lat' dir='ltr'>ubi</span> <span class='ocrx_word' id='word_1_205' title='bbox 938 3364 970 3415; x_wconf 85' lang='lat' dir='ltr'>de</span> <span class='ocrx_word' id='word_1_206' title='bbox 987 3351 1176 3425; x_wconf 68' lang='lat' dir='ltr'>nostratem</span> 
     </span>
     <span class='ocr_line' id='line_1_31' title="bbox 184 3442 288 3497; baseline 0.029 -16"><span class='ocrx_word' id='word_1_207' title='bbox 184 3442 288 3497; x_wconf 69' lang='lat' dir='ltr'>praere.</span> 
     </span>
    </p>
   </div>
   <div class='ocr_carea' id='block_1_6' title="bbox 0 0 1286 3810">
    <p class='ocr_par' dir='ltr' id='par_1_6' title="bbox 0 0 1286 3810">
     <span class='ocr_line' id='line_1_32' title="bbox 0 0 1286 3810; baseline 0 0"><span class='ocrx_word' id='word_1_208' title='bbox 0 0 1286 3810; x_wconf 95' lang='lat' dir='ltr'> </span> 
     </span>
    </p>
   </div>
  </div>
 </body>
</html>
