2572 3802
581 181 624 194 --
649 142 781 210 506-

192 313 268 361 nern
295 290 381 358 enim
409 287 575 355 certabitur
602 297 769 374 peceatum
791 285 968 352 materiale.
993 325 1041 336 --
1058 287 1177 356 Taceat
1257 296 1258 299 ’

193 407 270 467 rerd
289 399 320 466 l.
346 397 372 463 si
398 397 521 462 [ructus
542 415 579 460 cx
600 394 778 460 monitione
799 393 1002 481 probabilids
1021 415 1088 460 non
1106 417 1176 484 spe·

194 516 298 584 retur;
322 506 357 570 2¹.
382 505 408 570 si
425 503 509 569 adsit
527 502 664 568 dubium
690 499 816 588 oeqrrale
844 502 885 568 dc
913 501 1000 568 bene
1018 515 1076 567 aut
1093 503 1175 568 molo

195 611 379 680 monitionis
407 622 535 674 eventu.
556 609 677 672 Etenim
706 609 737 672 in
766 609 870 693 primo
899 629 976 674 casu
1008 618 1176 696 peceatum

194 717 389 806 poenitentis,
408 715 574 781 materiale
586 723 659 780 onte
674 715 898 793 monitionem,
919 715 1011 780 fieret
1028 717 1179 802 prolralri·

193 825 256 894 lios
274 823 409 892 lermolc
438 837 510 911 post
533 822 757 902 monitionem,
782 821 919 910 proinde
943 824 1081 889 monitio
1108 825 1178 911 plirs

195 943 327 1000 noceret
348 934 446 1017 quam
470 930 649 1017 prodesset.
680 928 843 994 Abstincat
861 929 956 998 eriam
974 930 1006 994 in
1032 931 1177 996 secundo
1258 981 1259 986 1

194 1056 288 1118 casu3
312 1039 420 1125 petitas
445 1049 493 1104 est
522 1037 607 1102 enim
634 1035 819 1123 permittere
844 1035 968 1101 ntoltrm
994 1037 1175 1116 materiale,

195 1149 294 1232 qulam
311 1161 421 1209 creare
434 1141 615 1229 periculum
629 1141 749 1228 peceati
768 1139 925 1205 formalis.
1258 1135 1259 1146 ’

239 1249 331 1326 Hine,
361 1248 554 1331 generaliter
585 1247 762 1332 loquendo,
794 1246 979 1311 monendos
1002 1251 1052 1312 est
1079 1247 1179 1334 poeni·
1258 1261 1259 1264 ’

194 1370 291 1422 tens:
317 1353 352 1416 l⁰
369 1354 395 1418 si
421 1355 598 1436 interroget
614 1354 655 1417 de
671 1351 790 1417 malitia
815 1357 917 1418 octds.
937 1353 1122 1438 Siquidem,
1141 1375 1178 1420 ox
1258 1339 1259 1368 ³

193 1467 256 1528 und
278 1467 367 1546 perte
391 1461 474 1524 bena
490 1459 582 1540 *fides
599 1459 781 1546 poenitentis
806 1479 871 1526 nen
898 1472 946 1524 cst
970 1459 1081 1545 plena,
1100 1465 1175 1527 edm

194 1566 338 1646 dubitet3
365 1566 639 1654 erchemperto,
663 1565 879 1634 confessarius
901 1587 964 1632 nen
981 1577 1178 1656 petestcum

194 1673 357 1762 decipere.
372 1673 553 1760 Aliquando
566 1673 686 1752 tamen,
702 1674 846 1759 prodens
861 1687 944 1740 esset
961 1675 1177 1760 quaestionem

193 1783 343 1862 eradere,
361 1783 388 1848 si
404 1780 557 1870 possibile
574 1783 633 1859 sit;
651 1819 697 1829 -
710 1781 748 1846 2⁰
761 1781 791 1846 si·
810 1781 972 1848 silentium
986 1781 1177 1849 confessarii

191 1887 381 1976 aeqn'ivaleat
395 1908 452 1977 pro
464 1889 641 1976 poenitente
658 1887 813 1953 decisioni
833 1888 975 1975 positirae
998 1889 1039 1954 de
1055 1889 1177 1957 licitate

188 1997 321 2062 aetionis
339 1991 477 2074 illicitae3
495 2035 541 2045 -
558 1993 594 2059 5⁰
621 1995 748 2080 quoties
772 1987 864 2061 error
891 1995 1080 2083 poenitentis·
1105 2019 1177 2064 ver·

182 2105 278 2170 'satur
292 2105 375 2170 circo
388 2103 545 2192 principia
564 2113 593 2168 ot
610 2101 837 2168 conclusiones
855 2103 1006 2190 primaria
1021 2103 1103 2188 legis
1120 2127 1177 2170 na·
1258 2107 1259 2180 ᾗ

191 2211 322 2289 turelis3
340 2211 415 2298 quia
439 2210 509 2284 talis
522 2231 625 2288 error,
653 2209 702 2274 rel
719 2230 784 2273 non
813 2218 861 2276 est
883 2209 1096 2292 invincibilis,
1126 2211 1176 2278 rel

191 2313 329 2380 didnen
354 2317 500 2381 manebit
523 2315 717 2382 invincibilis
735 2313 822 2397 (ils¹
862 2321 865 2324 ’
1258 2307 1259 2310 “

345 2537 351 2544 ἱ
376 2467 413 2517 11.
430 2495 466 2532 ς-
482 2471 575 2534 Officia
593 2447 711 2522 relativa
727 2471 764 2522 ad
782 2471 984 2533 consessionem.

234 2595 455 2667 Conlcssorios
484 2601 595 2682 debet,-
626 2603 652 2669 si
676 2605 896 2670 necessarium
922 2605 975 2684 sit,
998 2625 1175 2692 procurare

190 2703 406 2792 integritatem
423 2708 635 2778 conlessionis
646 2733 703 2800 per
717 2713 921 2799 iterationem
931 2711 1174 2779 consessionem

189 2815 439 2904 praeteritarum,
458 2837 517 2904 per
533 2818 814 2903 interrogationes.
855 2859 860 2868 e
879 2841 883 2850 ’
920 2867 924 2874 v

232 2925 260 2989 Ι.
280 2925 339 2989 Per
354 2923 559 2998 iteretioncrrt
575 2925 815 2993 consessionem
829 2926 1088 3012 praeteritarumt

234 3027 282 3092 lle
302 3029 362 3094 lide
380 3030 576 3116 obligatione
589 3033 755 3119 sequentia
773 3032 868 3112 statui
886 3039 1034 3119 possunt.

218 3133 324 3198 tone
340 3155 375 3198 se
394 3137 549 3203 iterandae
575 3145 782 3206 contemnes
802 3151 833 3204 et
848 3139 926 3204 soloe
950 3137 1174 3206 eearlessiones
1258 3177 1259 3216 i

164 3239 172 3250 ’
188 3239 275 3296 certo
288 3234 449 3302 inrelidce.
463 3275 505 3288 -
518 3240 639 3307 Omnes
654 3241 872 3308 confessiones
889 3244 977 3308 certo
995 3243 1147 3313 invalidae
1163 3266 1171 3308 :

187 3405 323 3540 etlslgqllid.
339 3415 364 3463 S.
380 3417 441 3506 lig.
458 3421 471 3468 lr
487 3435 513 3470 n.
530 3423 579 3473 609
594 3425 625 3474 ad
640 3427 699 3486 ott,
710 3433 742 3476 'ct
764 3431 845 3480 Herna.
862 3441 910 3525 ep.⁴
925 3433 1000 3479 tract.
1018 3431 1063 3482 cit.
1081 3447 1106 3482 rr.
1125 3433 1176 3482 106

26 3523 91 3696 Ι

26 3703 518 3772 ΣΞ
