2536 3826
552 115 728 180 ..70-

164 267 232 328 tem
248 266 350 346 parte,
364 253 461 323 simul
473 273 538 320 non
555 253 748 346 pertineret,
767 253 843 318 cum
860 248 902 319 de
928 250 994 318 lide
1020 263 1153 324 teneret

164 364 344 432 doctrinam
361 358 633 445 contradicentem
649 376 734 426 verte
750 355 905 424 doctrinae
921 355 1051 427 Christi.

209 499 510 590 Requiriturutsit:

545 645 585 688 n.
600 642 747 694 cethuma,

382 767 450 822 quohd
461 766 516 822 jura,
524 785 552 800 ·-
560 765 628 820 quold
636 763 757 817 doctrinam,
768 783 795 798 -
803 764 871 818 quaid
879 765 932 808 loca.

208 886 237 952 1.
259 882 375 965 Quoad
389 882 489 968 jura:
520 880 553 946 id
585 889 645 958 est,
674 877 823 954 Ecclesiae
843 899 935 950 ,verae
959 894 1147 970 competere

165 989 285 1058 dehent
295 988 371 1076 jura
385 983 589 1063 universalia;
603 984 674 1052 aliis
686 984 813 1065 verbis,
834 985 1009 1074 requiritur
1025 991 1059 1054 ut
1074 1007 1145 1056 om·

165 1124 223 1176 nes
246 1101 395 1168 homines
411 1104 579 1166 tencantur
591 1098 625 1164 iu
640 1097 748 1186 ipsam.
758 1098 901 1183 ingredi.

207 1208 308 1274 Proh.
326 1203 485 1282 Christus,
502 1203 654 1270 omnibus
670 1201 858 1272 hominihus
871 1205 1042 1294 imponens
1059 1225 1147 1293 prar-

164 1324 296 1400 ceptum
318 1309 512 1380 observandi
542 1308 722 1394 doctrinam
748 1329 862 1388 suam,
886 1329 927 1376 co
951 1310 1022 1398 ipso
1043 1311 1147 1392 voluit

166 1438 278 1486 omues
294 1415 442 1486 hormines
458 1414 575 1501 subjici
590 1414 767 1494 ministerio
784 1414 837 1484 oui
848 1415 1010 1484 commisit
1024 1435 1150 1490 munus

165 1521 346 1592 doctrinam
363 1539 456 1588 suam
468 1516 703 1584 transmittendi
720 1515 887 1604 hujusque
902 1518 1057 1586 doctriuae
1085 1519 1146 1588 oh·

63 1677 66 1684 .
165 1627 381 1694 servationem
406 1623 633 1710 promovendi.
661 1621 800 1689 Proinde
816 1621 967 1690 omnihus
990 1624 1148 1712 imposuit

165 1743 363 1820 preceptum
375 1729 409 1795 in
425 1729 599 1798 Ecclesiam
613 1749 705 1794 suam
717 1729 934 1815 ingrediendi.

208 1838 258 1902 11.
275 1837 393 1918 Quodal
401 1835 606 1901 doctrinam:
623 1835 656 1900 id
673 1842 732 1915 est,
748 1836 925 1922 requiritur
946 1848 981 1922 ut
1005 1835 1148 1906 Ecclesia

164 1941 309 2008 admittat
321 1940 434 2008 saltem
451 1937 621 2028 implicite,
632 1951 732 2010 totam
749 1941 928 2008 doctrinam
945 1941 1076 2030 Christi.

207 2046 308 2113 Proh.
328 2045 364 2112 l⁰
395 2047 580 2136 Requiritur
593 2053 629 2112 ut
643 2046 782 2114 Ecclesia
797 2047 1053 2116 admittattotatu
1066 2047 1148 2131 docf

162 2151 280 2222 trinam
298 2153 414 2220 Christi
430 2175 438 2218 ε
454 2153 535 2220 Nam
551 2151 695 2228 Christus
727 2152 923 2240 praescripsit
946 2153 1146 2220 ohservatio-

164 2277 239 2322 nem
265 2258 363 2322 totius
390 2257 544 2324 doctrinae
573 2277 662 2337 suaa,
687 2257 799 2326 Matth.
816 2257 877 2326 ἣδε
897 2259 1018 2325 Eunter
1033 2260 1150 2326 mente

162 2383 270 2428 omnes
279 2371 437 2446 pantes...
451 2363 598 2434 docentes
622 2382 676 2428 eos
696 2383 833 2432 reroorc
846 2367 1135 2454 omniasqrtoecttme

163 2488 223 2558 quc
238 2467 395 2534 manduci
410 2465 518 2532 volis..
585 2543 587 2548 ,
901 2460 903 2464 ’

128 2635 133 2642 .
171 2644 174 2657 ,
208 2575 332 2643 2⁰'Non
349 2573 526 2661 requiritur
555 2584 590 2640 ut
612 2551 1052 2668 eoplioitd-admittatomni‘a
1069 2595 1152 2664 quaa·

117 2745 118 2748 ,
164 2679 327 2749 mandavit
353 2677 523 2747 Christus:
544 2677 695 2766 Alioquin
725 2679 901 2748 dicendum
917 2681 1000 2749 toret
1020 2682 1147 2750 nullam

165 2805 203 2852 ex
226 2785 377 2852 omnihus
389 2779 595 2860 societatibus
611 2785 792 2866 christianis
808 2809 880 2856 esse
904 2807 1013 2854 veram
1035 2787 1148 2870 Eccle-

165 2885 245 2952 siam
257 2887 390 2967 Christi3
405 2893 480 2955 cirm
501 2890 588 2976 nulla
602 2892 645 2960 de
659 2891 723 2959 tide
741 2892 886 2980 explicita
905 2899 1016 2960 teneat
1036 2895 1151 2964 omnio

164 3013 382 3080 quaecumque
397 2997 559 3064 mandavit
576 2997 735 3065 Christus.

207 3099 270 3164 ΙΙΙ.
287 3101 405 3181 Quom
418 3103 509 3166 loco:
531 3102 644 3181 idest,
663 3103 839 3188 requiritur
856 3117 891 3170 ut
908 3103 1047 3174 Ecclesia
1075 3123 1146 3172 atn-

164 3201 330 3282 plectatur,
346 3204 585 3272 universalitate
600 3207 813 3290 simultanea,
831 3209 946 3278 saltem
965 3209 1152 3290 moraliter,

165 3315 277 3364 omnes
293 3316 398 3385 partes
410 3304 499 3372 urhis
520 3308 654 3390 cogniti.

177 3461 180 3466 .
210 3398 309 3462 Prot.
326 3423 361 3482 p.
384 3418 476 3488 part.
494 3408 542 3472 lt.
560 3409 746 3494 llequiritur
761 3427 798 3482 ut
810 3415 953 3489 ,Ecclesia
966 3418 1147 3510 amplecta-
