2556 3812
481 217 526 228 -—
547 179 613 244 tot)
636 217 681 230 --

139 317 188 382 De
208 317 342 382 ccclesia
355 318 523 384 interdictu
539 328 652 404 agetur
665 321 719 390 ubi
733 323 772 386 dc
787 323 953 389 Censoris.
1022 333 1027 342 ‘

137 424 287 488 Dicimus
309 423 343 497 δ’)
366 445 423 488 nce
448 427 547 490 cultui
571 427 683 490 diuino
708 427 977 494 ealdintune
1001 431 1035 494 l⁰
1052 430 1078 498 si

94 530 218 616 polluta
242 521 375 616 ccclesia
403 531 499 598 luerit
526 537 649 596 tantum
679 533 855 612 benedicte,
882 537 1079 603 reconciliari

95 645 200 723 potest
218 658 274 722 per
287 638 465 723 simplicem
485 641 698 716 sacerdotem,
718 641 861 706 adnibito
882 647 965 728 aqua
987 643 1080 708 bene-

96 745 181 808 dicta
199 757 229 806 ct
246 752 369 808 servata
386 745 487 809 lormtl
506 747 537 808 in
552 745 671 808 llituali
686 747 778 812 Ram.
796 749 967 834 descripta,
985 750 1076 814 luxla

95 855 269 940 quosdam,
294 873 331 918 ex
352 861 511 939 praecepto
544 853 789 938 praerequiritur
816 855 974 938 delegatio
996 857 1080 942 cpis-

96 961 183 1046 copi,
198 964 270 1024 cum
290 961 329 1024 do
353 965 389 1024 ed
406 959 527 1024 merdic
545 959 585 1022 sit
602 959 633 1021 in
654 959 769 1022 Rituali
795 961 903 1038 llum.;
930 961 1080 1048 probabi·

96 1067 280 1130 liusautem
301 1064 390 1152 juxta
410 1065 531 1151 plures,
556 1064 714 1146 delegatio
738 1066 879 1152 episcopi
903 1067 1079 1154 requiritur

98 1176 221 1238 tantum
240 1193 276 1236 ex
294 1173 441 1236 decentia
459 1174 514 1253 (l).
853 1253 855 1257 ,

144 1279 182 1343 2⁰
199 1279 231 1352 Si
251 1277 370 1363 polluta
388 1279 520 1345 ecclesia
543 1278 638 1346 luerit
650 1281 887 1356 corasecrtttu,a
907 1279 976 1344 salo
1000 1280 1082 1366 epis·

101 1407 182 1471 copo
201 1384 382 1448 dioeccsauu
396 1385 443 1448 rel
462 1406 498 1449 ex
520 1385 590 1472 ejus
615 1384 842 1449 commissione
860 1385 900 1448 ab
921 1386 983 1451 alio
1002 1388 1082 1472 epis·

98 1512 181 1578 copo
200 1490 399 1555 reconciliari
417 1499 530 1576 polest,
545 1490 633 1579 juxta
653 1489 788 1555 sormam
809 1491 1001 1557 pontificalis
1020 1494 1082 1558 llo·

98 1598 199 1663 mani.
228 1597 301 1660 llaec
330 1609 438 1662 autem
467 1597 683 1663 reconciliatio
708 1601 725 1662 a
754 1597 890 1682 simplici
915 1600 1082 1666 sacerdote

79 1703 168 1768 ¹lieri
183 1703 305 1787 nequit,
326 1703 386 1767 nisi
404 1725 440 1768 ex
453 1705 618 1790 privilegio
639 1703 730 1768 Sedis
742 1703 930 1788 Apostolicae
942 1706 997 1783 (ἢ).
1012 1705 1080 1770 Ob·

99 1817 229 1876 serruut
250 1822 356 1873 tamen
375 1811 482 1896 plures
500 1819 571 1897 past
598 1809 764 1884 Cabassut,
792 1809 820 1871 si
846 1809 950 1874 divina
976 1808 1080 1875 cilicia

101 1937 165 1980 non
185 1931 315 2001 possent
328 1916 430 1979 omitti
446 1915 672 2002 absquegrari
691 1914 911 1993 incommodo,
925 1914 1082 2002 pollutam

99 2022 269 2088 ecelesiam
293 2023 388 2087 etiam
413 2036 644 2098 consecratam,
673 2043 714 2089 cx
746 2021 903 2106 permissu
938 2022 1081 2110 episcopi
1189 2037 1192 2042 '

99 2137 156 2194 aut
168 2126 238 2214 ejus
255 2129 375 2206 vicarii,
396 2151 490 2216 possc
507 2128 603 2203 ablui
617 2133 701 2212 aqud
718 2125 885 2198 benedicta
904 2148 961 2213 per
978 2147 1080 2193 saecr-

99 2236 223 2312 dotem,
257 2215 407 2301 adhibitis
435 2235 607 2302 ordinariis
629 2233 894 2300 benedictionum
920 2233 1080 2321 precibus,

99 2355 132 2407 et
147 2344 257 2426 postca
274 2341 355 2405 intra
374 2333 444 2406 eam
463 2343 568 2406 (lirina
592 2339 694 2406 allicio
715 2361 809 2426 passe
834 2339 1002 2420 celebrari,
1023 2342 1081 2408 do·

98 2468 160 2513 nec
183 2447 315 2512 ecclesie
335 2469 391 2534 per
402 2449 588 2534 episcopum
604 2449 829 2513 reconcilietur
841 2449 896 2530 (3).

144 2552 181 2615 5⁰
199 2553 336 2617 Ecclesia
354 2570 497 2619 execrata
521 2559 634 2621 rursus
656 2555 831 2646 adcultum
850 2555 993 2619 divinum
1011 2552 1081 2616 idc-
1137 2553 1138 2556 ’

98 2653 158 2724 nea
185 2658 349 2723 reddenda
373 2673 420 2726 est
444 2681 499 2746 per
522 2681 636 2727 tauram
651 2659 913 2726 benedictionem
937 2671 990 2721 aut
1007 2677 1079 2722 cun-

99 2765 334 2830 secretionem

132 2991 167 3053 (ι)
186 2993 233 3050 ru,
244 2975 397 3051 internus,
411 2993 506 3042 aeneo.
521 2991 584 3050 rur,
596 2993 627 3040 ut
641 2990 739 3051 sanor.
757 2990 832 3038 croc.
848 2987 866 3035 r.
881 2985 939 3046 rtur,
955 2999 978 3034 e.
996 2985 1037 3046 ta,
1053 2998 1080 3035 n.

95 3071 124 3132 2,
138 3071 235 3132 Quarti,
248 3085 272 3134 p.
288 3071 312 3129 ἰ),
329 3071 369 3120 tit.
384 3073 411 3132 ὅ,
426 3085 447 3122 s.
461 3071 486 3129 d,
502 3070 528 3120 d.
540 3071 567 3130 ὅς
578 3070 701 3126 Ferraris,
718 3078 744 3116 r0
754 3067 882 3128 Ecclesia,
899 3071 948 3115 art.
967 3065 992 3126 l,
1007 3077 1032 3114 n.
1049 3066 1078 3114 'll

98 3157 127 3200 et
136 3148 187 3208 tm
203 3149 232 3198 D.
243 3150 417 3212 Ilielraudeam
432 3164 475 3213 op.
486 3151 531 3200 cit.
547 3163 604 3214 pag.
624 3149 682 3198 155.
698 3147 753 3197 vic.
773 3147 850 3197 etiam
865 3147 890 3195 S.
907 3144 963 3209 ng.
978 3157 1005 3193 a.
1020 3143 1080 3194 563.

133 3238 168 3306 (Ξ)
184 3239 220 3289 lta
235 3241 414 3290 communiter.
429 3241 486 3290 vid.
508 3240 604 3290 Bened.
615 3237 678 3299 xttt,
694 3237 804 3288 loct-cit.

134 3329 167 3398 (5]
183 3331 318 3392 Gahassut‚
334 3335 396 3382 Jur.
412 3345 473 3381 cau.
490 3331 595 3382 tltcorc'u
605 3329 629 3380 cl
641 3341 725 3392 proc.
748 3328 765 3377 l,
780 3327 811 3384 V,
826 3339 849 3378 c.
865 3325 908 3384 Qll,
923 3339 950 3375 n.
967 3325 999 3374 ll
1012 3325 1080 3387 ;uu.

98 3403 222 3474 Gousse't,
237 3416 257 3460 t.
272 3409 299 3471 tt,
314 3425 341 3460 n.
355 3411 415 3472 5123
432 3411 457 3460 Ρ.
475 3411 551 3481 Gurp,
567 3417 585 3464 t.
604 3409 635 3470 ll,
653 3423 680 3462 a.
695 3408 754 3471 2825
770 3405 878 3469 Searlni,
895 3411 957 3456 tom.
969 3401 1008 3468 lV,
1021 3417 1078 3468 pag.

100 3495 152 3552 555
167 3494 229 3546 edit.
246 3493 405 3552 parisiensis.
