2572 3802
534 119 577 131 —-
601 83 667 146 575
691 120 734 131 -
766 117 768 122 ·

475 189 478 196 ·
1067 169 1121 224 Peg.

144 242 226 312 ltesp.
243 245 271 296 et
284 242 364 312 preb.
376 241 493 295 termam
508 241 611 296 dehere
627 240 652 296 1.
669 239 788 309 exprimi
803 239 905 308 verbis,
921 239 947 293 Ξ.
962 254 1015 294 ex-

213 328 337 397 primere
364 327 558 383 remissionem
585 332 779 398 peecatorum,
806 326 833 380 3.
860 327 1016 396 exprimere

214 415 344 484 explicite
357 416 512 486 subjectum
527 419 554 472 et
564 415 719 481 materiam,
729 412 757 467 lt.
767 414 896 484 postponi
911 414 1016 469 actibus

212 503 370 575 poenitentis
385 504 526 559 moraliter
541 502 783 572 perseverantibus
786 537 1013 553 ......
1069 500 1122 556 293

141 591 240 645 Aarrc.
255 588 293 643 lt.
308 589 350 642 De
360 587 441 642 cend-
453 604 488 642 ex
502 593 579 658 parte
597 587 711 657 subjecti
744 621 1013 637 .......
1068 585 1121 640 297

143 672 235 740 Quaer.
254 672 283 728 1⁰
298 673 440 742 quodnam
458 674 493 728 sit
513 674 668 743 subjeetum
687 685 803 727 sacram.
818 673 1016 742 poenitentiae?
1051 671 1120 728 tutu.

96 791 102 803 ·
142 761 229 831 Resp.
250 776 363 814 emnem
377 764 405 815 et
419 761 511 822 selum
525 759 693 829 baptizatum
713 775 775 813 esse
789 759 969 829 subjeetum.
1008 799 1014 812 .
1051 760 1119 816 ibid.

142 848 235 915 Quaer.
254 847 283 901 2⁰
296 863 431 918 ,quaeuam
444 847 619 902 conditiones
640 845 775 916 speciales
789 848 964 917 requirantur
985 847 1015 902 in

211 936 364 1005 subjecte?
388 972 571 987 .....
574 950 578 962 ’
609 968 1013 986 ..........
1050 935 1119 991 ibid.
1201 951 1202 956 ¹

142 1026 226 1096 Resp.
251 1021 356 1096 requiri
371 1026 399 1077 et
426 1024 554 1078 sufficere
568 1026 599 1077 ut
625 1024 769 1092 peccatum
792 1023 890 1080 saltem
907 1024 1015 1079 veniale

213 1110 385 1180 commiserit
396 1112 459 1182 post
476 1110 650 1180 baptismum}
652 1145 1012 1164 .........
1050 1109 1118 1166 tutu.

424 1253 512 1304 Carnu
528 1253 568 1302 tll.
583 1279 618 1289 -
634 1253 669 1302 be
683 1251 827 1304 effectibus.

140 1403 154 1472 ἓ
169 1401 194 1457 1.
206 1432 240 1442 -
254 1399 296 1456 De
311 1387 495 1470 productione
509 1397 604 1468 gratiae
618 1398 825 1468 sanctificantis,
844 1415 895 1455 seu
906 1400 943 1454 de
964 1415 1014 1455 re-

211 1490 539 1558 missionepeccatorum
564 1522 881 1540 ........
896 1492 925 1538 '.
963 1524 971 1540 .
1006 1524 1013 1541 .
1050 1490 1117 1545 ibid.

143 1580 249 1650 ραι-απ.
266 1577 303 1633 1⁸.
314 1577 413 1633 Utrum
423 1592 539 1631 sacram.
549 1575 719 1646 paenitentiae
732 1576 800 1632 insit
814 1577 856 1634 vis
869 1575 1015 1638 remissiva

211 1664 406 1736 peccaterum?
431 1698 831 1717 ··········
836 1687 837 1692 ¹
872 1703 880 1718 .
915 1701 925 1718 .
960 1703 967 1718 .
1004 1705 1013 1718 .
1067 1668 1120 1724 298

139 1757 221 1826 Resp.
237 1752 378 1810 affirmat.
387 1784 1014 1809 ···············
1050 1758 1118 1813 ibid.

141 1842 247 1910 Quest.
267 1841 305 1894 2³.
320 1840 455 1907 Quaenam
472 1841 588 1909 peccata
605 1852 723 1892 sacram.
749 1839 848 1909 poenit.
870 1842 1014 1898 remittere
1089 1858 1094 1868 ·

143 1964 146 1970 ,
212 1928 319 1999 pessit?
341 1961 1012 1982 ················
1048 1931 1117 1988 ibid.

137 2020 219 2088 Resp.
232 2020 260 2072 ct
269 2017 351 2086 preb.
361 2015 416 2071 hoc
426 2028 542 2071 sacram.
554 2031 611 2070 nen
620 2029 702 2085 pesse
713 2015 856 2072 remittere
869 2020 1012 2087 peccatum

209 2105 344 2174 originale
358 2107 385 2158 et
399 2109 511 2175 peccata
526 2104 642 2158 actualia
662 2107 726 2159 ante
746 2105 912 2174 baptismum
930 2121 1014 2161 cem-

209 2193 304 2260 missa,
319 2192 393 2246 benb
415 2194 482 2246 veru
506 2192 600 2247 omnia
618 2195 732 2262 peccata
756 2195 822 2262 post
843 2193 1011 2262 baptismum

209 2281 357 2336 commissa
387 2316 1010 2336 ················
1047 2284 1114 2340 ibid.

138 2370 243 2440 Quoest.
259 2367 297 2423 3².
311 2365 458 2434 Quomodb
469 2384 587 2424 sacram.
602 2369 698 2440 poenit.
713 2359 1010 2441 remittat'peceatat-

209 2473 259 2513 scu
427 2500 431 2512 ,

137 2547 166 2602 la
180 2545 228 2616 Sq.
248 2545 349 2602 Utrum
362 2543 416 2598 alia
428 2544 518 2612 possit
531 2547 673 2604 remittere
688 2548 746 2605 sine
760 2549 841 2604 aliis?
867 2585 876 2600 .
912 2587 922 2603 .
956 2586 964 2600 .
1001 2585 1007 2600 .
1063 2547 1115 2604 299

135 2632 171 2687 R.
187 2634 280 2699 negat.
296 2627 330 2684 de
339 2631 510 2697 mortalibus
531 2633 658 2686 affirmat.
674 2632 710 2686 de
724 2634 877 2690 venialibus
907 2673 915 2688 .
953 2673 961 2686 .
1045 2635 1111 2690 ibid.

135 2717 165 2772 2·
179 2715 227 2788 Sq.
244 2718 343 2773 Utrum
369 2717 407 2770 ita
429 2721 543 2786 peccata
562 2719 694 2786 remittat,
719 2725 749 2774 ut
762 2724 903 2790 nunquam
930 2724 1007 2781 revi-

84 2849 86 2860 ,
207 2805 334 2862 viscant?
382 2838 610 2856 ······
642 2821 643 2826 ’
646 2838 1009 2864 ·········
1045 2813 1113 2868 ibid.

135 2893 171 2949 li.
188 2894 315 2948 atlirma't.
331 2895 360 2949 et
372 2893 441 2964 prob
447 2925 1008 2951 ··············
1045 2901 1112 2955 ibid.

135 2981 166 3038 3²
180 2981 227 3053 Sq.
242 2981 341 3036 Utrum
354 2981 477 3036 remittat
490 2993 601 3050 poenam
610 2995 674 3034 eum
688 2981 784 3050 eulpa?
820 3020 1003 3042 .....
1059 2985 1114 3042 300

89 3131 94 3138 ‚
139 3070 175 3124 R.
201 3073 229 3124 et
246 3070 327 3140 prob.
343 3085 460 3124 sacram.
480 3067 576 3139 poenit.
597 3083 708 3138 semper
733 3068 876 3123 remittere
896 3086 1007 3140 poenanr

207 3161 340 3213 aeternam
367 3172 431 3212 cum
448 3156 536 3228 culpa,
553 3171 611 3212 non
628 3157 695 3212 veru
711 3158 796 3212 totam
809 3173 921 3228 semper
942 3175 1006 3230 poe·

207 3263 272 3302 uam
284 3247 468 3316 temporalem
470 3280 1006 3300 ·············
1043 3251 1109 3308 ibid.

135 3333 165 3390 m
179 3334 226 3408 Sq.
249 3335 350 3392 Utrum
363 3337 400 3392 itu
419 3337 541 3393 remittat
554 3339 679 3407 peccata,
695 3340 726 3391 ut
739 3337 903 3394 reviviscant
919 3353 1005 3410 opera

206 3423 386 3482 mortificata?
421 3461 1002 3481 ..............
1056 3427 1108 3484 301
