2572 3802
510 132 712 202 *blf-

10 353 11 360 ἵ
156 265 194 332 2⁰
214 266 428 348 medicinalis,
448 270 478 335 itl
497 284 558 351 est,
576 263 756 346 remedium
775 278 911 348 allerens
929 281 1091 353 infirmita-

111 373 198 439 tibus
215 375 437 462 spiritualibus
450 378 647 466 poenitentis.

157 479 193 544 5⁰
207 481 253 547 Sit
265 482 413 569 imposita
431 494 506 550 ante
522 485 776 556 absolutionem.
790 493 869 558 Cirm
884 495 971 560 enim
985 510 1095 564 votum

107 590 332 656 satisfactionis
353 590 393 656 sit
410 614 482 681 pars
508 598 652 665 materiae
676 603 881 682 sacramenti,
914 606 1095 692 requiritur

108 697 223 763 saltem
239 696 432 782 generaliter
448 701 625 786 loquendo,
652 712 686 770 ut
715 707 901 794 imponatur
919 709 1094 778 satisfactio

108 817 184 870 ante
201 803 570 874 absolutionum-Non
583 823 746 876 esttamen
759 833 855 896 grave
872 816 1098 902 poeuitentiam

110 912 280 1000 imponere
296 912 640 1000 postabselutionemt
665 921 688 998 ).

296 1085 344 1137 W.
357 1111 390 1122 ·-
405 1087 501 1151 Omrto
515 1091 631 1142 aututino
648 1093 685 1142 ad
702 1093 909 1146 absolutionem.

155 1237 284 1304 Materia
299 1259 440 1326 praesens
453 1239 557 1306 tribus
582 1241 703 1326 regitur
716 1245 892 1332 principiis.
916 1244 1021 1313 Primo
1034 1245 1091 1314 de·

111 1342 324 1411 terminantur
344 1365 437 1411 ersus
461 1347 493 1412 in
521 1348 640 1444 qpibus
661 1351 821 1418 absolutio
850 1355 997 1439 neganda
1029 1369 1089 1436 est,

112 1465 167 1520 mu
188 1452 337 1518 absoluto
362 1453 461 1518 modo
490 1453 710 1522 coneedendo.
746 1455 910 1540 Secundo,
936 1483 1029 1530 casus
1062 1463 1093 1527 iu

110 1559 230 1647 quibus
245 1557 405 1625 absolutio
423 1560 630 1627 eoneetlemla
643 1577 690 1628 est
700 1565 760 1630 sub
773 1567 1095 1645 euutlitione.'le·rti0,

108 1685 202 1734 easus
220 1665 252 1730 in
270 1665 389 1754 quibus
404 1666 565 1733 absolutio
587 1667 766 1736 differenda
785 1685 845 1737 est.

154 1773 359 1859 Principium
375 1774 440 1838 1⁰¹⁰.
453 1774 489 1838 ln
507 1792 639 1857 genere,
652 1775 812 1842 absolutio
826 1779 1034 1844 concedenda
1046 1787 1096 1846 est

107 1882 208 1948 modo
224 1880 372 1947 absoluto
397 1880 551 1946 umniBus
580 1889 611 1945 et
631 1881 707 1947 solis
734 1883 979 1969 poenitentibus,
1006 1903 1089 1972 quos

109 1985 327 2056 confes-‘sarius
341 1985 518 2074 prudenter
525 1981 652 2074 judicat
666 2009 736 2054 esse
752 1989 936 2077 dispositos.

155 2095 369 2163 concedenda
387 2107 436 2160 est
452 2093 605 2160 omnibus
625 2118 633 2159 :
660 2095 829 2182 siquidem·
847 2117 884 2163 ex
909 2109 1059 2184 suscepto
1077 2101 1094 2165 a

107 2201 1091 2291 saeertlotemtmereconfessariisequiturquasieontraetus,

106 2310 139 2378 vi
157 2309 250 2397 eujus
275 2309 435 2398 prenitens
459 2309 660 2397 aequiritjus
686 2311 726 2376 ad
743 2310 996 2391 absolutionem,
1024 2311 1049 2378 si
1074 2315 1092 2379 b

107 2416 306 2486 confessario
325 2414 500 2505 dispositus
521 2416 699 2504 judicetur.
720 2417 942 2486 confessarius
959 2419 1096 2508 proinde

109 2537 262 2614 peccaret
278 2536 388 2591 eontra
410 2523 584 2611 justitiam,
615 2521 652 2590 et'
675 2525 808 2612 quitlem
832 2528 989 2612 graviter,
1020 2528 1095 2613 quia

108 2633 428 2716 meresburgensis,
446 2632 472 2697 si
483 2631 572 2696 'illam
585 2633 770 2716 denegaret,
786 2633 898 2698 saltem
911 2635 951 2698 ad
963 2633 1097 2718 longum

107 2749 254 2827 tempus,
282 2740 449 2826 poeuitenti
477 2717 542 2804 rite'
561 2739 730 2825 disposito.
750 2775 796 2786 -—
813 2737 1027 2806 Concedenda
1052 2751 1099 2804 est

109 2847 211 2914 morlo
223 2846 372 2912 absoluto
389 2869 396 2909 τ
417 2845 492 2934 quia
510 2844 597 2910 nulla
610 2857 657 2909 est
670 2845 750 2909 ratio
763 2845 981 2910 conditionem
993 2846 1099 2931 impo-

109 2953 225 3022 nendi.
239 2992 284 3002 —
294 2952 509 3020 Concedenda
523 2963 570 3018 est
586 2951 683 3016 solis:
704 2951 823 3018 etenim
839 2952 866 3018 si
880 2950 1096 3017 confessarius

108 3059 354 3128 absolutionem
382 3060 576 3128 concederet
604 3057 772 3146 poenitenti
795 3056 1000 3145 indisposite,
1021 3077 1098 3122 eon·

108 3181 256 3234 curreret
284 3168 408 3256 absque
437 3166 562 3233 ratione
586 3165 750 3234 violationi
773 3163 978 3244 sacramenti,
1012 3163 1096 3229 malo

108 3273 314 3363 poenitentis.
562 3269 565 3278 ’

146 3503 181 3574 (t)
196 3505 252 3558 tto.
268 3507 294 3557 s.
311 3505 366 3572 bip.
378 3519 403 3556 u.
419 3502 469 3556 tte
483 3508 510 3554 et
526 3513 595 3566 sear
611 3503 691 3556 Hom.
708 3513 754 3565 up.
769 3501 819 3554 loe.
835 3501 879 3553 ett.
895 3505 920 3550 u.
936 3497 967 3549 εἰ·
982 3503 1008 3551 et
1026 3510 1082 3560 seq.
1115 3485 1118 3492 ’
