2562 3810
593 81 795 150 448-

202 228 251 294 nis
275 225 437 316 perleetoe,
460 225 482 292 e
506 243 572 312 qno
596 243 661 290 non
687 234 792 312 potest
817 219 998 310 dispensari
1015 242 1074 312 per
1089 223 1191 292 abso·

202 333 358 402 lulianam
382 331 528 400 dubiam.

246 439 302 506 lll.
315 439 439 507 liabent
450 434 710 525 jurisdictionem
726 433 987 522 subdelrpolom:
1003 437 1193 505 sacerdotes

202 545 321 635 quibus
339 543 520 633 jurisdictio
545 541 687 627 legitime
707 562 859 609 ooneessa
881 545 958 610 esti
972 542 1124 630 delegato
1137 543 1192 612 lra-

203 653 299 720 bente
316 649 502 718 facultatem
527 649 776 734 subelelegantli.

246 757 360 837 Porro,
376 765 412 826 ut
438 756 580 843 legitimo
602 756 642 822 sit
657 754 894 840 subdelegatio,
909 755 1102 824 necessarie
1114 765 1193 826 sunt

202 865 405 932 conditiones
433 863 597 951 requisitee
624 865 665 930 ad
693 862 943 949 delegationem.

246 972 293 1038 ΙΙ.
317 973 366 1038 De
379 971 588 1040 Balenslorte.

248 1079 501 1146 Determinanda
528 1092 578 1145 est
601 1077 709 1165 quoerl
731 1097 900 1165 personas,
926 1075 1038 1144 locum
1060 1093 1099 1148 et
1132 1077 1189 1146 tlu-

204 1187 377 1254 rationem.

250 1295 279 1358 1.
308 1294 427 1374 Qooed
444 1313 607 1379 personna
633 1303 663 1358 et
687 1293 803 1359 locant.
1125 1373 1128 1380 ι

248 1398 361 1484 Quoer.
384 1399 540 1483 Quaenam
562 1402 604 1467 rit
629 1401 772 1466 artemio
793 1397 1066 1484 jurisdictionis?

247 1505 535 1596 noningenta
556 1507 700 1573 extensio
713 1505 960 1594 jurisdictionis,
985 1505 1096 1592 queml
1115 1526 1188 1594 per-

203 1634 300 1682 sonas
325 1628 357 1680 et
388 1613 510 1695 loeom,
546 1624 650 1702 potest
685 1611 893 1680 determinari
925 1626 1066 1700 quatuor
1100 1614 1187 1702 prin-

203 1719 295 1809 eipiis
317 1720 542 1809 sequentibus:

250 1825 285 1891 l⁰
307 1823 492 1892 lurisrlietio
521 1836 568 1891 est
592 1821 783 1913 personalis,
813 1843 871 1890 sou
896 1821 1039 1890 afficiens
1066 1823 1185 1893 imme-

204 1932 288 1998 diate
313 1953 483 2020 personam
509 1929 558 1998 vel
578 1929 705 2009 loeolis,
734 1951 793 1997 seu
824 1928 967 1998 alliciens
996 1929 1187 1998 immediate

203 2037 413 2118 territorium,
440 2047 472 2104 et
496 2035 635 2104 mediate
671 2056 825 2125 personas
857 2055 930 2123 quae
959 2035 992 2102 in
1021 2037 1187 2104 territorio

205 2144 539 2233 comprehenduntur.
647 2143 650 2146 ’
1106 2163 1110 2168 “

249 2252 288 2316 2⁰
310 2253 501 2319 iurisdictio
518 2252 681 2319 ordinaria
695 2247 848 2317 estsimul
862 2249 1041 2338 personalis
1058 2264 1090 2316 et
1107 2249 1190 2318 loea-

204 2356 256 2422 lis.
281 2393 329 2406 -
351 2355 539 2423 iurisdictio
567 2357 713 2442 delegata
728 2367 759 2424 el
775 2356 982 2442 subdelegato
1001 2370 1078 2423 sont
1100 2364 1188 2424 mere

118 2451 121 2455 ’
204 2461 340 2528 locales:
355 2465 497 2550 'excepta
509 2463 736 2551 jurisdictione
758 2465 906 2550 delegata
925 2465 1033 2552 injure
1055 2465 1088 2530 in
1104 2465 1187 2553 peri-

203 2564 278 2632 enlo
301 2564 425 2646 mortis,
441 2585 514 2656 quae·
537 2579 586 2636 est
606 2569 783 2657 personalis
796 2577 826 2636 et
838 2569 947 2637 localis
965 2569 996 2635 in
1014 2591 1054 2636 eo
1071 2591 1184 2648 senso,

204 2673 292 2761 qood
316 2675 333 2740 a
359 2675 527 2742 sneerdote
551 2676 692 2743 exerceri
717 2677 818 2764 possit
844 2695 918 2762 erga
940 2675 1101 2764 quaslibet
1118 2697 1187 2764 per·

204 2799 319 2860 sones,
340 2795 371 2848 et
398 2783 430 2848 in
459 2783 547 2866 omni
575 2783 660 2864 loeo.

251 2887 290 2952 5ο
310 2889 499 2957 lor-istlietio
536 2871 714 2978 personalis
743 2889 864 2978 ultique
893 2899 1054 2956 terrerum
1081 2903 1189 2978 potest
1258 2877 1259 2884 ἵ

205 2994 346 3064 exerceri
371 2996 475 3063 relide
488 3017 563 3082 ergo
580 2997 762 3085 subjeetum
779 2996 988 3065 absolventis.
1015 3037 1061 3048 -
1082 2999 1187 3065 Juris·

203 3101 302 3165 dietio
337 3101 467 3183 localis,
496 3105 528 3169 in
553 3104 625 3170 loeo
656 3106 709 3171 eui
736 3105 885 3186 inhaeret,
911 3121 985 3192 erga
1025 3105 1188 3193 quaslibet

203 3223 373 3287 personas,
387 3208 482 3274 etlam
496 3231 559 3275 non
570 3211 731 3298 subjectas
744 3211 956 3301 personaliter
968 3213 1162 3304 absolventi.
1257 3291 1258 3302 p

249 3307 286 3367 4⁰
310 3307 456 3376 Exlensio
469 3313 703 3396 iurisdictionis
729 3315 907 3401 personalis
931 3333 966 3402 ,et
999 3317 1110 3386 localis
1128 3321 1186 3387 tle·

152 3419 154 3425 ·
204 3405 393 3476 terminator
419 3413 510 3481 tilulo
535 3429 590 3483 out
613 3432 686 3485 netu
704 3419 929 3508 ‹lelegnlionls
