2562 3810
598 157 640 168 -
665 119 730 186 ⁹220
753 153 799 168 --

200 260 281 328 loeis
299 258 469 346 designent
488 258 702 348 baptismum:
716 259 763 326 sio
784 256 953 346 Apostolus
970 258 1047 328 atlT
1049 260 1085 324 it.
1109 260 1144 340 5,
1159 263 1190 340 t,
1255 323 1256 326 ,

206 369 690 456 baptismumvoeatlnnoerum
712 366 969 452 reponeretionis
991 377 1020 430 et
1048 388 1192 434 renone·

206 477 314 542 tionis.
327 473 473 540 -Juxta
490 473 582 552 alios,
600 471 772 560 Apostolus
789 471 927 539 affirmat
952 473 1191 560 impossibilem

205 601 277 648 esse
304 580 616 670 poenitentiampost
636 579 832 667 baptismum
854 596 918 646 non
945 578 1112 660 absolute,
1137 583 1192 648 sed

203 687 368 756 moraliter
386 690 509 752 tantiam
523 709 533 765 ;
546 707 616 766 seu,
630 686 718 773 quod
731 685 820 752 idern
837 695 897 764 est,
911 685 1004 755 ratae
1021 687 1192 755 difficilem

204 815 276 861 osse
293 793 513 883 paenitentiam
537 793 670 880 relapsis
687 805 758 881 post
779 792 988 880 baptismum,
1008 797 1193 880 praesertim
1255 865 1256 868 ,

203 901 400 988 gravissimis
425 901 648 988 peecatoribus
673 913 706 966 et
726 883 967 985 ingratissimis,
991 906 1072 987 puta
1097 924 1192 990 apos·

203 1009 288 1088 tatis,
300 1008 491 1114 quipnsttot
501 1008 636 1094 insignia
649 1008 773 1074 lumina
787 1019 818 1074 et
830 1007 913 1072 doira
930 1011 947 1072 ir
961 1008 1030 1073 Deo
1043 1025 1189 1095 accepta,
1255 1003 1256 1012 ’

203 1121 223 1184 i
250 1115 406 1184 venalitio
430 1116 470 1182 nd
500 1115 722 1183 infidelitatem
751 1113 927 1192 deliniunt,
952 1114 998 1180 uti
1027 1113 1193 1184 faciebant

204 1224 304 1309 aliqui
319 1223 443 1289 ltebraei
459 1223 489 1290 in
504 1223 704 1310 judaismum
721 1220 902 1288 relabentes
916 1221 971 1303 (l).

248 1329 365 1410 Quoad
389 1331 570 1396 seeundum
589 1335 731 1394 textum:
752 1328 854 1394 Deoet
869 1327 1055 1414 Apostolus,
1071 1329 1122 1408 rel
1141 1352 1191 1396 se·
1255 1361 1256 1364 ¹

204 1435 348 1502 eundum
366 1435 523 1523 baptisma
538 1458 601 1502 raon
613 1457 784 1523 superesse
794 1434 945 1504 fidelibus
958 1449 1031 1523 post
1042 1419 1189 1524 lapsum:
1255 1491 1256 1500 2

205 1541 253 1611 sol
271 1543 424 1632 apostatis
441 1543 536 1610 assde
557 1543 730 1608 christiana
747 1543 813 1629 (qui
830 1543 863 1608 in
877 1556 962 1611 textu
978 1543 1192 1628 designantur

205 1649 255 1716 iris
265 1650 371 1716 verbis
387 1673 394 1716 :
413 1649 598 1716 ooltmtarie
611 1649 820 1734 potentatibus
832 1649 924 1716 nolis
938 1660 1013 1734 post
1023 1663 1191 1736 neeeptnm

203 1757 352 1826 notitiam
379 1756 551 1838 veritatis),
576 1756 699 1824 nullam
717 1756 854 1824 existere
876 1757 1013 1822 hostiam
1031 1779 1092 1844 pra
1110 1781 1191 1846 pee-

203 1864 303 1942 eatis;
321 1863 396 1951 ipsis
413 1862 499 1935 enim
518 1883 581 1928 non
596 1861 789 1948 relinquitur
802 1861 958 1942 Christus,
971 1847 1190 1932 eiam'Clrristo

204 1968 468 2049 renuntiaverint,
480 1991 539 2036 nee
561 1969 642 2040 alius
661 1970 831 2050 mediator,
852 1971 926 2036 oiim
942 1983 1064 2057 praeter
1081 1971 1190 2064 Cirris·

205 2093 273 2148 tum
292 2078 401 2146 nullus
418 2077 500 2147 alius
517 2077 581 2144 sit.⁴

252 2194 356 2277 Olrjie.
382 2193 420 2258 2⁰
437 2193 520 2260 Nilril
547 2193 662 2281 probat
688 2203 877 2279 potestatem
904 2192 1089 2260 remittendi
1117 2216 1190 2282 peo-

203 2309 272 2366 eata
291 2299 452 2385 Apostolis
467 2319 653 2366 ‹roncessam
684 2299 724 2364 atl
742 2311 886 2387 pastores
918 2298 1071 2366 Eeolesioe
1086 2314 1190 2367 trans·

205 2404 334 2478 missam
349 2404 466 2470 luisse.

250 2512 345 2595 lietp.
365 2509 430 2576 llao
447 2509 603 2598 probatur
622 2513 653 2578 l.
670 2512 1007 2598 rationethenlogioa:
1027 2515 1191 2601 siqnidem
1255 2539 1256 2542 ¹

201 2615 276 2706 jura
289 2617 448 2706 Apostolis
465 2638 616 2686 concessa
635 2621 760 2686 eerrsmi
787 2641 851 2688 non
870 2621 990 2689 debent
1006 2623 1191 2708 personalia

205 2737 234 2791 et
247 2725 441 2804 transitoria,
454 2725 510 2791 sed
525 2725 738 2813 potiusrealia
751 2734 782 2794 et
795 2727 826 2792 in
837 2728 1083 2795 suecessoribus
1096 2729 1192 2816 lpas·
1255 2815 1256 2818 Ἴ

205 2829 345 2898 talorum
373 2851 431 2920 per
457 2830 735 2897 transmissionem
753 2832 987 2918 permanentia,
1016 2832 1043 2897 si
1070 2833 1190 2899 lterum

200 2936 324 3023 jurium
356 2957 475 3026 seopus
492 2951 525 3003 et
548 2937 667 3008 utilitas
684 2937 746 3002 sint
762 2951 938 3026 perpetua-3
963 2946 1061 3025 porro
1079 2961 1132 3006 ree
1150 2941 1191 3005 ita
1255 2999 1256 3004 ,

197 3055 251 3104 «εει
265 3041 295 3105 ia
312 3041 460 3124 praesenti
478 3062 568 3118 nasu,
588 3041 736 3112 homines
753 3042 839 3108 euim
856 3055 961 3128 usqne
978 3043 1017 3110 ad
1036 3063 1190 3112 eonsum-
1255 3039 1256 3042 '

204 3140 513 3230 mationemseeenli
531 3144 722 3210 remissione
748 3153 956 3233 peecatorum
980 3148 1186 3232 indigebunt.

206 3376 455 3510 1ἈΣἏἫἼΆΙῨ..(ἒῖνιιεῐ.
474 3387 488 3438 a
512 3389 616 3455 Lepide,
636 3393 821 3446 commentia
837 3395 866 3448 D.
882 3397 952 3449 Paul.
971 3411 1014 3462 ep,
1044 3397 1077 3449 ad
1107 3401 1178 3451 liet·

112 3723 278 3744 m
