2562 3810
484 47 688 128 -tote

140 194 200 260 Pr.
213 191 257 258 Ex
274 189 367 270 dictis
382 192 558 278 requiritur
575 193 735 272 contritio,
746 214 801 263 scu
810 193 905 260 dolor
916 215 957 268 ac,
970 195 1074 263 cictes·
1106 195 1110 198 ’

98 301 176 392 tatio
195 299 236 365 do
259 312 403 387 peccato,
419 320 493 382 cum
518 301 682 390 proposito
699 322 764 368 nou
781 301 936 390 peccandi
950 302 995 370 dc
1010 322 1075 368 cae·

97 421 181 486 tero,
199 425 256 474 scu
274 405 422 482 servandi
434 391 596 487 mandata,
611 408 776 495 speciatim
788 401 1076 496 adimplendiquae

91 513 135 589 ad
151 511 375 588 remissionem
393 525 597 602 pcccatorum
612 514 821 582 obtinendam
839 517 856 580 i
873 515 942 582 Deo
961 515 1075 602 praeci·

88 617 239 708 piuutur.
263 617 345 705 Ergo
363 616 538 703 requiritur
565 618 766 705 propositum
791 618 1028 697 satisfactionis,
1046 618 1074 684 si
1167 665 1168 668 ,

92 725 128 790 1⁰
144 723 177 788 iu
194 741 314 807 genero
329 741 368 788 cx
385 721 499 790 ordine
517 721 669 789 divinitus
682 723 826 789 instituto
840 724 1021 792 neccssaria
1035 723 1076 792 sit

91 830 237 898 humana
252 827 424 897 satisfactio
441 829 667 915 propeccatis,
687 829 713 895 si
733 829 769 894 2⁰
787 830 819 895 in
842 831 949 918 specio
966 831 1074 918 cujus·

91 937 170 1004 dam
196 933 420 1000 satisfactionis
445 931 607 1022 impositio
633 935 814 1002 necessaria
839 936 880 1000 sit
907 937 939 1004 in
968 959 1074 1004 sacru·

90 1048 216 1120 mento,
232 1061 336 1129 caque
352 1053 499 1130 respectu
514 1039 651 1129 subjecti
669 1063 777 1108 veram
793 1042 908 1110 induat
925 1057 1073 1114 naturam

91 1148 262 1240 praecepti.
279 1147 373 1237 Atqui

138 1259 166 1326 1.
181 1259 217 1324 lu
228 1277 359 1348 genere,
371 1277 409 1324 ex
422 1255 536 1324 ordine
549 1256 702 1324 diviuitas
715 1257 873 1339 instituto,
892 1258 1073 1329 necessaria

93 1365 298 1432 cstlrumana
316 1363 488 1430 satisfactio
505 1383 563 1452 pro
580 1365 733 1450 pcccatis:
791 1427 794 1432 .

139 1469 218 1536 Nam
236 1468 268 1534 f⁰
283 1463 532 1536 satisfactionem
558 1469 713 1534 contineri
734 1469 817 1535 iuter
834 1483 922 1536 actus
947 1469 987 1535 ab
1015 1469 1074 1536 bo·

92 1576 183 1644 mine
199 1575 288 1664 lapso
306 1574 477 1662 requisitos
503 1574 543 1640 ad
565 1576 788 1642 remissionem
808 1567 942 1664 peccati,
971 1577 1075 1644 innuit

95 1683 177 1750 ratio
194 1695 225 1750 ot
237 1681 392 1772 ,explicite
408 1681 503 1746 dccct
526 1681 697 1768 scriptura,
715 1683 855 1762 traditio,
875 1684 1027 1753 Ecclesia.

140 1789 250 1856 Iunuit
262 1789 361 1856 ratio:
382 1787 504 1856 Etenim
522 1788 578 1875 qui
588 1786 739 1875 injuriam
758 1789 848 1854 alteri
866 1789 973 1856 intulit
986 1803 1074 1856 tene·

94 1913 148 1966 tur
164 1895 204 1964 ad
232 1893 482 1962 satisfactionem
510 1915 568 1962 seu
590 1895 840 1984 reparationem,
872 1896 932 1962 nisi
951 1907 1074 1962 constet

93 2005 255 2072 offensum
273 2002 457 2070 renuntiare
467 2001 533 2090 juri
551 2023 629 2079 suo;
650 2023 746 2089 porro
765 2023 822 2089 pur
839 2015 1006 2089 peccatum
1025 2001 1073 2066 in·

89 2111 258 2201 juriaDeo
276 2109 421 2208 infertur,
440 2131 500 2176 ucc
523 2123 646 2175 constat
670 2109 773 2178 Deum
797 2107 981 2176 renuntiare
1005 2105 1072 2194 juri

94 2241 168 2290 suo.
456 2285 457 2290 ,
973 2288 975 2292 ,

140 2326 292 2416 Explicite
304 2325 398 2391 docet
418 2325 449 2390 i.
473 2325 659 2412 Scriptura:
674 2324 753 2392 foci
770 2325 803 2403 2,
822 2325 881 2390 fi:
903 2324 1073 2392 Converti·

92 2433 178 2502 ruini
191 2431 416 2522 odmcinltoto
434 2433 666 2510 cardiacorum,
692 2432 727 2498 in
736 2432 866 2516 jcjrmio
885 2442 913 2498 et
933 2431 966 2498 ia
981 2431 1073 2518 lictu,

93 2554 123 2610 ct
138 2545 174 2608 iu
187 2541 337 2626 planctu.
350 2537 476 2606 Daniel.
501 2539 536 2618 f,
550 2539 613 2604 fi:
633 2539 770 2605 Peccata
792 2549 848 2604 tua
864 2539 1074 2625 elecmosynis

93 2649 229 2728 redimo,
245 2658 282 2712 ct
305 2646 493 2732 iniquitates
517 2656 590 2712 traua
613 2647 848 2712 misericordiis
872 2665 1072 2730 pauperum.

94 2757 173 2849 Luc3
199 2754 232 2836 ὅ,
252 2755 289 2820 8:
304 2753 413 2819 Facite
427 2775 503 2839 erpo
525 2755 654 2842 fluctus
670 2755 786 2839 dipaos
807 2753 1012 2838 poerrr‘teatice.
1032 2751 1074 2818 Ex

96 2863 165 2931 istis
187 2861 325 2949 aliisque
338 2861 485 2950 pluribus
508 2861 675 2948 scripturae
692 2859 770 2926 focis
788 2866 873 2946 patet
890 2857 1073 2924 couversio-

94 2990 171 3040 nem
188 2968 365 3060 pcccatoris
378 2990 443 3036 uon
456 2965 741 3055 importaresofam
758 2967 830 3050 ritae
847 2964 1072 3040 mutationem,

92 3079 165 3160 seri,
185 3085 301 3168 praeter
318 3075 425 3153 cordis
438 3072 597 3155 dolorem,
622 3073 745 3142 fructus
766 3074 861 3140 ctiam
879 3069 1075 3161 poenitentiae

89 3273 155 3337 Arra
168 3273 210 3324 ost
226 3269 320 3335 dogma
333 3267 487 3320 catholicum
510 3265 543 3327 de
560 3265 715 3318 necessitate
732 3263 914 3317 satisfactionis
927 3262 954 3313 fn
965 3271 1074 3326 genere,

91 3354 155 3406 dota
177 3350 326 3415 spasmo
347 3347 506 3414 probandum
525 3347 724 3402 satisfactioucru
746 3344 912 3399 asaccrrtotc
933 3341 1075 3406 iniunctam

88 3447 153 3490 asse
167 3437 266 3498 partem
281 3429 443 3484 sacramenti.
