2536 3826
474 142 650 228 ...574

81 305 160 396 quod
180 305 367 374 necessario
380 304 554 390 requiritur
570 311 604 368 ot
617 305 700 370 notis
713 301 849 394 propriis
862 307 1054 394 innotfflcatt

117 411 203 498 3⁸p.
228 409 361 495 Quibus
385 410 484 474 modo
507 409 624 476 visibili
652 411 909 496 distinguatur...
929 416 960 483 id
983 425 1053 494 est,

77 521 247 606 requiritur
259 519 274 582 l
284 566 293 583 .
305 525 341 582 ut
353 516 491 582 Ecclesia
504 515 544 582 sit
561 515 591 582 in
605 537 640 582 se
654 517 801 596 visibilis;
816 519 850 583 i.
869 521 909 585 sit
920 520 1053 586 visibilis

77 625 233 710 quatenus
253 622 424 708 possidens
439 634 530 686 notas
544 641 627 687 verae
643 621 803 688 Ecclesiae.
878 656 880 663 s

117 731 156 796 Et
172 730 210 793 l⁰
224 728 401 813 requiritur
417 739 452 790 ut
477 711 568 790 sitin
586 747 621 790 se
641 726 785 792 visibilis.
803 727 888 808 Quia
905 731 937 794 l.
964 732 1060 800 adest

76 833 231 917 obligatio
253 835 283 898 in
305 833 408 920 ipsam
434 831 582 916 ingredi,
605 830 676 920 ejus
694 831 769 896 fidei
785 831 995 912 adhae'rendi3
1012 837 1056 900 ad

77 939 166 1025 qnod
182 938 397 1004 necessarium
416 949 464 1001 est
480 935 571 1000 nteit
587 935 768 1009 visibiliset
795 939 924 1020 agnosci
939 941 1051 1025 possit.

76 1045 157 1127 Quia
171 1043 205 1108 ἓ.
219 1042 358 1108 Ecclesia
376 1039 582 1107 constituitur
594 1041 738 1129 personis
755 1025 980 1129 profitentibus
993 1045 1055 1110 lie·

76 1151 228 1234 ligionem
245 1145 382 1214 Citristi:
400 1168 474 1234 ¹quse
488 1147 596 1214 omnia
616 1160 804 1236 supponunt
819 1167 973 1236 personas
983 1149 1053 1216 visi·

77 1255 154 1322 biles
169 1267 262 1322 actus
279 1267 427 1336 externos
439 1265 637 1320 exercentes.

116 1363 154 1427 2⁰
170 1360 360 1446 Requiritur
376 1371 418 1440 vnt
444 1361 485 1425 sit
499 1359 634 1424 visibilis
660 1363 818 1444 puniendos
835 1363 1050 1443 possidens...
1123 1357 1125 1362 ’

76 1465 221 1552 Alioquin
235 1465 390 1530 homines-
400 1484 465 1530 non
483 1471 614 1550 possent
629 1463 806 1530 Ecclesiam·
815 1483 923 1529 veram
937 1485 1052 1550 agnos·

78 1592 238 1652 ceregnec
249 1570 385 1658 proinde
397 1567 428 1636 in
447 1570 532 1635 illam
551 1569 689 1658 ingredi.
889 1561 892 1568 ’

101 1755 341 1811 lu—nsututtn
350 1759 439 1810 potest
448 1765 505 1800 esse
514 1751 679 1809 immediata,
688 1759 730 1800 vet
739 1752 874 1809 medinm
893 1758 1026 1800 atterum

514 1827 619 1869 sunsit.

117 1958 218 2024 Prot.
230 1956 269 2024 Ut
278 1958 412 2024 societas
424 1957 573 2042 quaedam
583 1957 622 2022 sit
632 1956 769 2022 Ecclesia
779 1977 865 2036 uera,
877 1955 1056 2042 requiritur

79 2079 106 2130 et
128 2064 249 2132 sullioit
266 2077 302 2130 ut
317 2064 480 2152 privilegio
506 2061 789 2128 indefectibilitatis
806 2069 824 2126 i
849 2061 918 2129 Deo
935 2062 1050 2126 donata

77 2168 187 2243 luerit;
198 2188 292 2253 porro
301 2168 500 2255 privilegium
512 2165 599 2234 istud
611 2163 842 2250 habereputest
854 2161 1054 2238 immediate,

78 2273 125 2340 vel
139 2271 292 2338 mediate.

102 2441 211 2496 flum-
221 2444 357 2488 mstlmtto
373 2445 530 2488 immediata
547 2441 642 2486 lisdem
660 2441 827 2496 dinnoscitur
842 2441 913 2486 notis
929 2441 1026 2493 numus

285 2511 419 2562 procetur
431 2510 556 2554 dlvtnttas
571 2509 685 2560 cuculus
702 2507 841 2555 enorme.

120 2637 219 2708 Prot.
239 2639 411 2710 Concessio
424 2641 581 2731 privilegii
598 2624 882 2708 indefectibilitatis
899 2652 947 2707 est
963 2646 1053 2706 notus

77 2747 227 2832 positivus
239 2746 411 2813 voluntatis
422 2746 600 2822 divinae‚de
617 2765 682 2832 qun
695 2755 842 2811 constare
853 2765 916 2810 non
933 2755 1049 2832 potest,

77 2850 133 2915 nisi
150 2871 209 2937 per
221 2849 449 2916 revelationem
466 2873 473 2914 :
493 2869 569 2936 quae
584 2849 736 2917 revelatio
750 2850 816 2939 ipsa
828 2849 994 2939 probanda
1005 2861 1055 2916 est
1127 2837 1129 2842 ’

77 2955 273 3040 argumentis
289 2956 442 3044 propriis.

99 3143 318 3197 uve-leelina
334 3141 587 3188 mantuttnntsnotae
602 3147 679 3187 sant:
698 3145 889 3196 Apostotlcltns
905 3121 1026 3196 empturo,

358 3217 549 3267 apostolieum
564 3217 770 3266 proprietatum.

118 3346 201 3427 Quae
217 3346 395 3432 propositio
407 3344 572 3431 probanda
587 3356 633 3409 est
651 3353 681 3408 et
694 3343 893 3430 explicanda.

117 3453 213 3516 Pana.
235 3451 321 3535 trp.
339 3451 479 3518 Ecclesia
507 3469 580 3515 vera
599 3450 695 3517 debet
716 3469 785 3516 esse
811 3446 983 3534 apostolica
1002 3465 1054 3512 ra-
1160 3507 1163 3513 ,
1210 3467 1213 3472 ·
