2562 3810
617 106 663 118 -
689 67 824 134 280-

227 211 394 286 rritiouorn,
411 207 545 274 omnino
561 207 635 274 silet
651 207 693 274 tle
723 207 916 274 necessitate
936 205 1029 270 istius
1055 207 1217 272 conditio·

227 316 407 385 oto-Atti
421 322 499 382 vero
511 313 685 381 ollirmunt.
699 313 782 398 Quin
793 314 878 380 inter
890 312 970 378 oliuo
986 312 1217 400 dispositiones

228 423 399 512 requisitos
415 423 447 488 in
466 421 583 488 adultis
606 423 645 488 od
665 421 929 509 justificationem
945 441 1002 508 per
1015 421 1216 510 baptismum
1260 427 1261 510 l

227 531 452 608 obtinendum,
472 529 569 617 exigit
585 527 765 594 Concilium
778 527 871 592 'l'rid.
888 538 923 593 ut
941 528 1047 592 Deum
1058 539 1217 616 tunquam

227 638 332 704 omnir
350 637 487 721 justitie
500 637 623 722 sontem
639 636 775 720 diliqere
799 635 973 718 incipiant.
1000 634 1126 719 lingui
1157 633 1218 724 peri
1260 703 1261 712 χ

227 743 314 812 idem
346 743 474 809 initiunt
500 743 619 809 umoris
643 743 675 808 iu
700 741 891 828 poeniteutii
916 740 1119 828 requiritur.
1148 743 1218 808 tneo

226 851 313 920 enim
341 849 561 918 necessarium
587 863 638 916 est
664 848 790 915 initiunt
819 849 941 914 onroris
974 848 1006 912 in
1036 847 1216 936 baptismo,

226 959 301 1046 quio
314 955 442 1046 justum
459 968 506 1023 est
520 957 698 1036 hominem,
718 955 758 1021 od
782 968 946 1022 creaturos
969 975 1028 1042 per
1045 969 1219 1042 peceatum

225 1065 426 1141 tendentem,
440 1065 479 1130 ud
492 1064 597 1130 Deum
609 1063 707 1130 linenr
720 1083 814 1129 suunt
830 1062 973 1151 converti
983 1073 1043 1148 per
1053 1083 1216 1141 umorem,

226 1177 401 1259 antequem
429 1169 627 1236 emieusDei
650 1169 704 1234 tut
728 1189 786 1256 per
806 1166 1091 1254 justificationem.
1120 1172 1217 1237 Porro
1260 1245 1261 1260 1

229 1278 343 1344 eadern
358 1289 406 1342 est
418 1275 498 1340 ratio
516 1277 547 1340 in
567 1276 764 1363 poenitentid,
779 1289 811 1340 ut
823 1275 954 1340 euidens
965 1287 1013 1340 est
1025 1275 1072 1356 (l.)

271 1378 361 1444 Circa
374 1379 441 1455 Ψ,
461 1377 583 1446 seilicet
602 1402 609 1443 :
633 1379 747 1461 Qualis
764 1399 860 1444 amor
873 1378 1102 1464 requiratur?

270 1485 309 1550 li.
328 1482 471 1550 Diversae
484 1497 559 1550 sunt
575 1489 613 1550 ed
629 1487 671 1551 de
683 1508 717 1551 re
734 1485 963 1570 theologorum
982 1487 1216 1554 sententiae.-

131 1593 140 1608 ”
226 1591 294 1658 Alii
315 1590 485 1678 requirunt
501 1611 646 1658 umorem
664 1593 827 1660 olruritetis
844 1613 1027 1670 summum
1048 1595 1113 1660 otti
1129 1615 1216 1660 orno·

227 1719 296 1768 rem
314 1697 478 1766 eharitatis
504 1720 569 1766 non
586 1721 765 1780 summum,
794 1701 852 1768 sed
880 1700 1036 1766 initialem
1058 1706 1213 1779 tantum

225 1809 285 1874 alii
297 1826 440 1874 ornorent
459 1807 742 1895 concupiscentiae,
769 1829 827 1873 seu
844 1807 927 1896 spei,
950 1807 1122 1874 summurn
1137 1831 1145 1887 3
1162 1808 1217 1874 alii

224 1917 359 1984 demunt
376 1935 522 1982 umorem
540 1914 608 2004 spei
624 1913 793 1981 initialem.

243 2019 246 2024 ’
272 2024 500 2092 Praelurrnissis
517 2015 788 2111 disputationibus
807 2023 847 2090 de
865 2021 918 2088 illd
934 2024 1119 2110 quaesti‘one
1131 2023 1213 2090 intri-

168 2181 171 2186 ,
219 2129 398 2208 'citissimi
425 2151 525 2197 unum
552 2149 609 2210 pro
634 2146 721 2196 corto
748 2133 908 2209 tenemus,
928 2129 1051 2196 scilieet
1079 2153 1148 2198 non
1167 2151 1213 2198 re·

227 2237 312 2324 quiri
341 2258 416 2304 curn
451 2237 612 2303 attritione
648 2237 812 2302 elrnritotis
845 2235 991 2302 eruorem
1028 2253 1210 2304 summurn.

226 2342 381 2408 Sutnrnus
398 2342 483 2406 enirn
508 2363 602 2407 amor
629 2343 793 2430 eharitatis
823 2344 1001 2431 aequivulel‘
1022 2345 1213 2412 contritioni
1249 2343 1253 2350 ’

226 2444 396 2533 pe'rlectoe3
416 2447 566 2533 proinde,
585 2449 611 2513 si
631 2452 833 2516 necessarius
851 2466 946 2528 esset,
965 2471 1031 2516 non
1048 2450 1216 2519 sufficeret

219 2550 345 2618 'attritio
356 2552 386 2617 in
397 2568 599 2622 sooromeoto
611 2559 819 2646 poenitentioe,
835 2558 891 2622 sed
902 2557 1129 2642 requireretur
1141 2581 1215 2626 eou-

226 2659 312 2726 tritio
335 2660 596 2749 perlecto,‘quod
616 2659 730 2730 lols'urn
749 2685 820 2730 esse
833 2663 1042 2752 probavimur
1060 2665 1118 2746 (i).

258 2873 294 2943 (l)
308 2875 432 2942 Tlreologi
441 2876 565 2928 docentes
579 2878 737 2929 attritionem
748 2879 829 2928 solam
840 2879 1023 2929 sutileereeurn
1037 2890 1214 2940 sacramento,

203 2957 204 2960 ’
219 2969 276 3006 uon
290 2966 392 3009 omnem
407 2958 466 3008 ided
476 2958 521 3008 llei
536 2969 650 3010 umorem
664 2959 813 3019 excludunt,
825 2966 852 3008 ut
866 2971 898 3010 eu
910 2959 1028 3010 dicendis
1040 2961 1066 3010 iu
1077 2961 1147 3011 notd
1156 2975 1213 3024 seq.

224 3037 361 3088 constabit.
379 3037 451 3088 Unde
466 3039 586 3100 proedicto
601 3040 777 3090 controversia
799 3039 884 3101 potius
901 3039 1038 3090 relereuda
1059 3041 1164 3092 videtur
1180 3043 1214 3092 ud

223 3115 425 3164 controversiain
441 3117 473 3167 de
487 3117 611 3180 qualitate
630 3117 749 3184 principii
773 3117 919 3170 dilectionis
945 3133 1006 3184 erga
1025 3119 1109 3170 Duum
1128 3123 1215 3172 omnis

129 3221 131 3226 -
222 3189 450 3251 justitiaelontenr.
487 3219 491 3228 ·
518 3202 521 3210 “

255 3277 291 3342 (il
306 3281 368 3333 Vide
383 3291 467 3334 notzuu
482 3286 514 3336 od
529 3287 626 3336 euloern
641 3285 787 3340 uoluminis.
