2572 3802
597 185 797 250 -atu-

254 325 285 392 Si
300 323 458 414 poeuiteus
476 345 629 390 censuras
651 321 835 399 incurrerit,
867 322 955 408 prius
976 319 1018 385 ab
1036 319 1089 401 iis,
1117 322 1195 389 dein

208 434 225 495 a
243 429 382 517 peccatis
401 427 598 493 absolvatur.
617 426 714 492 Aliter
730 425 869 508 agendo,
888 424 1026 508 graviter
1042 435 1195 511 peccaret
1268 463 1269 478 κ

208 535 373 602 sacerdos.
403 532 528 600 Valeret
561 545 667 598 tamen
692 531 867 610 absolutio,
887 532 913 596 si
930 532 1091 618 poenitens
1110 540 1195 598 esset

210 640 440 707 inbonafide.

253 745 472 822 Eleratio‚vel
500 745 661 832 impositio
690 749 818 824 munds,
847 751 877 809 et
905 743 1055 808 formatio
1085 746 1194 810 erucis
1268 829 1269 832 Ἴ

206 855 325 920 serrari
343 853 465 918 debeat
485 873 524 918 ex
548 853 786 919 cousuetudine
812 851 974 930 Ecclesiae,
993 851 1073 916 dum
1086 851 1195 917 forma
1268 895 1269 944 p

208 960 449 1047 pronuntiatur.
1268 951 1269 1038 l

568 1144 758 1194 uu'rlcuuus
786 1145 824 1194 ΙΙ.

447 1293 489 1348 De
508 1293 617 1362 legibus
632 1292 797 1364 specialibus
810 1291 946 1361 subjecto.

249 1439 435 1524 Propositio
455 1439 500 1504 lt.
521 1435 635 1504 Omnis
655 1439 824 1523 utriusque
840 1441 934 1503 sexus
958 1437 1076 1516 tideus,
1101 1452 1188 1525 post-

207 1553 304 1633 quam
319 1547 357 1610 ad
376 1566 478 1608 anuos
493 1544 695 1608 discretionis
715 1545 907 1629 peruenerit,
925 1545 1032 1608 omuia
1056 1559 1187 1630 peccata

206 1673 263 1718 sua
281 1650 472 1715 conlimatur
501 1649 639 1714 [itlcliter
663 1649 777 1713 saltem
800 1649 899 1714 semel
929 1650 959 1714 iu
990 1671 1088 1717 anuo.
1104 1650 1187 1715 Alio-

206 1757 297 1844 quiu,
318 1772 348 1820 et
361 1758 468 1821 riveus
492 1756 531 1820 ab
554 1755 700 1839 ingressu
720 1755 868 1820 Ecclesiae
885 1766 1044 1833 arceatur,
1064 1766 1095 1822 ct
1118 1779 1188 1821 mo·
1268 1819 1269 1828 ,

204 1866 291 1930 ricus
309 1863 483 1927 christiana
516 1877 621 1926 careat
653 1862 820 1945 sepultura
846 1867 1052 1947 (quaepoeua
1075 1865 1154 1929 ests
1173 1900 1187 1914 ·
1268 1945 1269 1952 ἵ

204 1972 314 2036 reudae
341 1970 532 2048 sententiae).
556 1971 603 2034 lta
622 1969 744 2035 Cooeil,
777 1970 923 2034 Laterau.
953 1971 1006 2047 IV,
1032 1992 1102 2034 cau.
1124 1972 1183 2050 21,

203 2073 1182 2161 atrjusdeeretumrenovatumluitaCoucil.Tridsessld,

203 2203 275 2268 cap.
295 2182 315 2246 5
333 2191 363 2246 et
381 2204 453 2246 cau.
473 2182 507 2246 8.
739 2269 740 2274 ἵ

248 2287 288 2349 Ex
306 2288 425 2371 quibus
442 2287 552 2354 ridere
575 2303 622 2354 cst
639 2309 751 2353 omues
780 2287 902 2364 fideles,
924 2289 1035 2353 saltem
1056 2290 1083 2353 si
1096 2309 1185 2353 com-

202 2387 349 2452 miscriut
366 2402 534 2474 peecatum
562 2395 708 2470 mortale,
726 2395 829 2458 teneri
852 2395 913 2458 sub
933 2395 1020 2476 gravi
1043 2396 1185 2475 (sanctio

202 2492 288 2558 enim
308 2497 459 2578 praecepti
476 2511 523 2559 est
540 2500 668 2580 gravis),
688 2500 802 2565 saltem
821 2500 920 2565 semel
945 2501 977 2564 iu
1006 2521 1090 2565 auno
1106 2519 1183 2586 pee-

203 2607 347 2666 eatasua
370 2599 528 2666 eorrfiteri.
620 2616 623 2622 ·
1090 2614 1092 2618 ’

247 2705 395 2773 Dicimus
423 2710 537 2773 saltem
554 2709 582 2773 ei
598 2713 817 2777 rorumieeriat
833 2723 1000 2795 praeratum
1025 2716 1185 2790 orrortalc:
1268 2717 1269 2812 i

204 2813 461 2880 Controvertitur
489 2817 575 2881 euim
599 2817 707 2881 utrum
731 2819 769 2882 ad
787 2819 1024 2886 consessionem
1041 2842 1184 2886 annuam

198 3038 240 3098 28,
260 3041 306 3089 ubi
317 3043 355 3090 ste
372 3043 423 3091 ait:
441 3045 475 3093 at
490 3045 544 3095 tae
558 3058 615 3106 aaa
627 3049 725 3107 prater
739 3047 935 3106 injunctionem
947 3051 1106 3110 expressam
1120 3051 1184 3113 sactt

200 3114 358 3178 (prosultatis),
382 3124 519 3181 acciplunt
537 3127 667 3183 majoram
684 3128 739 3174 olm
753 3128 920 3188 eapiattaaa's
941 3129 1025 3189 calpa
1041 3131 1185 3190 proterite
1268 3143 1269 3152 ¹

197 3203 233 3239 ear
247 3194 296 3240 s'ttd
311 3200 431 3260 pectorati
442 3201 609 3258 injunctione
627 3203 680 3264 aad
696 3207 817 3254 sacerdos
832 3207 911 3256 dicit:
926 3207 1053 3270 Quidquid
1070 3209 1133 3258 boui
1147 3209 1184 3258 te-
1264 3159 1269 3247 l

198 3268 277 3350 ceris,
297 3277 347 3318 etc.
360 3276 395 3322 Et
410 3282 543 3334 quantum
557 3281 593 3328 ad
608 3283 656 3330 ttae
673 3283 736 3330 tulta
750 3285 901 3346 satisfactio
916 3292 953 3337 est
961 3291 1181 3350 sacramentalis,

201 3351 233 3387 aa
250 3350 385 3430 quautam
398 3353 498 3402 virtute
513 3358 631 3406 clavium
645 3364 681 3409 est
696 3363 779 3422 calpa
794 3366 941 3415 commisere
955 3368 1113 3427 expletiva.
1127 3369 1181 3419 vid.

164 3453 167 3459 .
200 3411 301 3476 Sylvius
314 3433 339 3468 ιι]
357 3423 487 3486 supplem.
503 3436 594 3490 qaoesr.
621 3437 662 3494 15,
686 3443 739 3489 art.
758 3441 780 3502 l,
802 3444 885 3493 court.
903 3445 927 3502 l;
951 3444 1066 3510 llilluart,
1087 3449 1180 3516 diat,
1265 3467 1266 3481 ³

41 3503 143 3728 ι
198 3490 285 3548 aet.9;
301 3495 326 3543 S.
342 3497 397 3560 Lig.
413 3515 440 3550 n.
456 3505 514 3568 507,
531 3517 580 3558 ete.
