2556 3812
516 30 714 102 *165-
799 81 801 86 -

123 157 352 264 praescribunt.
367 209 413 222 —-
428 174 570 241 Tenetur
592 196 721 242 servare
746 173 907 242 rubricas:
929 176 1101 263 *Siquidem

122 305 161 350 ex
175 281 298 348 Goucii.
311 279 402 348 Trid.
416 301 495 351 sess.
516 282 549 360 7,
561 303 633 348 ean.
655 281 709 359 te,
729 303 766 348 er
785 282 873 350 batia
889 283 922 349 S.
935 284 1016 352 PiiV
1033 273 1102 368 Qua

119 391 277 474 primam,
288 388 446 472 impressa
456 387 487 452 in
502 386 607 453 fronte
617 387 750 452 blissaiis
765 389 902 466 romani,
915 411 952 455 ex
965 391 1102 458 decretis

122 497 157 562 S.
178 497 214 560 it.
234 493 286 572 C.,
301 494 479 580 praes-enim
497 514 534 558 ex
551 494 681 558 decreto
694 495 838 577 generali
849 496 936 580 quod
952 496 1102 563 Urbanus

121 603 194 670 Viti
210 600 327 688 apponi
346 601 508 666 mandavit
530 601 620 665 initio
638 599 785 686 ejusdem
803 601 948 678 blissalis,
974 622 1012 666 ex
1029 602 1103 668 doc·

122 708 207 773 trinb
224 707 388 772 communi
406 720 529 784 canstat
552 706 696 772 rubricas
710 727 779 772 csse
791 706 878 790 leges
894 708 1103 793 praeceptivae

122 835 200 901 quae
216 813 358 894 obligant
378 833 416 878 eu
436 832 556 896 genere
585 813 717 893 sueti).
741 850 779 860 -
804 813 930 894 Quae...
956 814 1101 898 praeseri-

122 929 228 994 bunt:
249 927 407 1008 Quaenam
425 939 532 990 autern
551 927 614 990 sint
640 925 778 990 rubricae
791 928 1004 1010 praeceptivae,
1024 949 1101 994 con·

121 1017 319 1100 trovertitar.
339 1033 495 1114 (Quaestia
506 1053 570 1097 non
585 1045 643 1110 est,
664 1045 699 1098 ut
710 1046 807 1119 patet,
823 1033 1014 1098 derubrieis
1027 1054 1101 1119 quae

122 1142 247 1206 meram
265 1139 387 1204 consilii
411 1140 566 1206 rationem
586 1139 793 1225 exprimunt.)
809 1140 922 1206 Pri-nan
945 1141 1100 1205 sententia

49 1248 51 1253 ’
120 1249 218 1313 docet
244 1245 452 1332 praeceptivus
469 1265 540 1310 esse
569 1245 728 1322 rubricas,
748 1265 821 1330 quae
838 1267 876 1310 ex
901 1247 970 1332 ipso
998 1259 1100 1322 textu,

120 1352 358 1420 consuetudine
374 1364 430 1416 aut
446 1351 610 1416 communi
623 1353 781 1416 sententia
803 1366 879 1417 sunt
894 1354 935 1418 de
965 1375 999 1418 re
1012 1354 1100 1437 graui

119 1463 178 1545 (ἢ).
189 1461 339 1526 Secundo
355 1459 522 1544 distinguit
538 1461 621 1526 inter
638 1462 783 1526 rubricas
796 1482 869 1547 quae
891 1461 923 1526 in
941 1463 1010 1549 ipse
1027 1476 1099 1528 actu

154 1656 189 1720 (i)
204 1657 262 1705 Haec
276 1655 392 1705 decernit
412 1655 490 1706 Cone.
503 1655 573 1704 Trid.
589 1655 639 1704 lae.
659 1655 703 1705 cit.
721 1657 751 1705 Si
765 1655 824 1715 anis
838 1657 937 1706 dicerit
952 1659 1099 1718 receptosal

117 1741 285 1804 approbatos
302 1739 423 1789 Ecclesiae
437 1739 573 1788 cellatica
590 1739 660 1786 ritus
677 1739 708 1788 in
735 1738 848 1787 solemni
865 1742 1099 1788 sacromentomm

36 1807 39 1814 ¹
117 1823 360 1874 administratione
380 1821 504 1871 adhiberi
521 1823 667 1879 constretos,
683 1822 731 1869 ont
746 1821 889 1879 contemni,
907 1823 955 1870 ant
972 1822 1100 1880 sinopes·
1134 1872 1140 1882 ,

117 1910 179 1958 cato
195 1901 213 1954 d
227 1905 363 1954 ministris
374 1915 426 1966 pro
440 1903 518 1954 libito
532 1904 631 1962 omitti,
647 1906 695 1952 ont
714 1903 744 1952 in
763 1914 847 1952 nonos
865 1903 936 1952 oliae
948 1915 998 1963 per
1013 1913 1100 1962 enam

116 2001 229 2048 cumane
241 1979 412 2036 ecclesiaram
424 1990 560 2048 pastorem
574 1985 678 2035 matari
689 1997 774 2047 posse,
785 1985 880 2034 anati.
890 1986 935 2034 sit.
947 1984 1025 2036 Porro
1040 1997 1100 2034 cer-

116 2078 173 2121 tum
187 2079 237 2127 est,
253 2070 374 2118 observat
390 2070 417 2119 S.
434 2070 492 2128 tia.
509 2082 534 2117 n.
551 2067 609 2127 509,
626 2066 696 2129 qrrdd
714 2066 853 2115 celebratio
869 2067 950 2115 Missae
972 2066 1049 2115 etiam
1066 2067 1099 2117 ad

116 2152 273 2204 sacramenti
287 2151 453 2200 Eucharistiae
467 2150 712 2199 administrationem
727 2150 848 2212 pertinet.
865 2150 934 2219 lde-m
948 2151 1047 2200 eruitur
1066 2163 1099 2200 ex

117 2237 160 2285 bis
175 2234 201 2284 S.
218 2235 256 2283 Pii
275 2235 293 2282 V
305 2235 391 2284 verbis
403 2249 409 2283 :
425 2235 588 2286 Mondonlos
602 2246 634 2282 oc
648 2230 766 2282 districti
779 2235 903 2284 omnibns
917 2238 940 2284 el
950 2235 1099 2294 sinantia...

116 2322 149 2369 in
167 2321 268 2368 uirtute
292 2319 391 2370 sanctor
415 2317 568 2367 obedientiae
595 2318 786 2378 precipientes,
806 2320 869 2367 at...
885 2319 996 2370 missam
1011 2317 1100 2378 jacto

117 2402 215 2459 ritum,
230 2401 339 2450 modurn
364 2413 396 2449 ac
412 2412 539 2450 normam
555 2411 612 2461 qaae
627 2413 678 2462 par
691 2401 801 2450 missale
816 2401 865 2451 boa
881 2398 899 2451 ὰ
921 2403 999 2452 nobis
1026 2415 1099 2452 ranna

118 2481 251 2542 traditor,
266 2482 405 2531 decantent
419 2492 451 2530 oc
471 2481 568 2541 tenant,
584 2494 667 2542 neq-ue
680 2482 711 2532 in
730 2483 817 2531 missae
840 2485 1015 2534 celebratione
1028 2485 1100 2534 olias

117 2565 293 2614 ceremonias
302 2565 344 2613 ael
352 2575 451 2625 preces,
468 2575 549 2624 auam
563 2576 620 2625 qnae
630 2565 678 2614 icoc
687 2565 792 2614 naissoli
803 2568 984 2625 aorctinentnr,
1002 2567 1100 2616 addam

117 2647 282 2697 aelreca'tara
291 2649 468 2708 presumunt.
482 2645 667 2695 liter-decreto
682 2646 709 2694 S.
724 2647 754 2695 R.
771 2647 810 2705 0.,
819 2647 981 2696 Ranoaando
995 2647 1099 2698 decreta

117 2729 194 2784 alios
208 2730 290 2792 secto,
306 2729 420 2780 mandat
436 2730 464 2780 S.
482 2730 509 2780 G.
526 2730 555 2778 in
571 2731 696 2780 omnibus
713 2733 736 2778 et
752 2741 801 2790 per
815 2729 909 2779 anania
926 2731 1031 2778 servari
1050 2744 1100 2781 ru-

119 2818 211 2868 bricas
224 2813 346 2866 Missalis
359 2813 479 2873 romoni,
495 2823 551 2861 non
574 2809 695 2862 obstante
722 2823 885 2874 quocumque
909 2814 1051 2874 praetenta,
1075 2815 1099 2862 el

118 2899 263 2951 contrario
272 2897 471 2955 consuetudine,
487 2907 569 2956 qnam
584 2895 698 2944 abrasum
712 2906 764 2942 essa
778 2895 905 2943 declarat.
920 2897 955 2943 Et
970 2891 1100 2957 suctum·

118 2984 223 3034 lotione
232 2979 328 3029 decreti
346 2981 374 3029 S.
388 2979 422 3028 D.
438 2981 469 3030 Ν.
490 2979 597 3028 Urbano
617 2977 687 3036 Viti,
704 2971 839 3026 Sanctitas
853 2989 905 3026 sna
917 2977 1016 3026 annuit
1030 2980 1053 3026 et
1064 2978 1098 3026 ao

118 3066 247 3119 omnibns
260 3064 359 3124 nataae
367 3063 481 3124 sonari,
491 3064 514 3112 el
525 3063 556 3112 in
570 3060 676 3110 missali
689 3061 794 3110 nooitar
807 3061 985 3122 imprimendo
996 3063 1100 3122 apponi

117 3149 274 3202 mandavit.

154 3244 189 3309 (i)
208 3243 244 3292 lta
265 3242 372 3292 Gavant.
391 3255 417 3304 p.
433 3242 459 3301 5,
483 3240 523 3290 tlt.
542 3241 582 3290 ii.
600 3257 611 3286 a
628 3238 763 3299 Caeterbm,
779 3238 814 3288 ait
837 3237 927 3299 Callet,
942 3238 995 3288 lnce
1012 3237 1098 3301 opinio

117 3328 187 3394 pene
200 3326 297 3376 inutilis
311 3331 360 3385 est,
376 3323 444 3387 qudd
459 3337 507 3373 nec
522 3323 628 3384 indicet,
643 3336 691 3373 nec
717 3323 780 3372 satis
804 3321 917 3371 indicare
931 3321 1023 3385 possit,
1042 3333 1098 3384 quite

117 3411 230 3464 rubricae
245 3415 330 3472 tractes
345 3407 503 3472 praeceptive
517 3407 578 3468 sint,
595 3421 651 3470 qrrae
665 3407 762 3456 tantiam
776 3405 913 3456 directim.
928 3423 938 3451 a
