2572 3802
609 117 811 184 -aat-

220 281 395 330 eonsensu.
413 261 452 326 2⁰
465 259 498 325 Si
512 257 663 348 praediola
679 253 821 325 conditio
833 258 897 322 tion
912 265 998 325 esset
1011 261 1204 334 necessaria,

221 370 361 436 ntusimti
377 368 451 456 quia
474 365 635 432 sufficeret
655 365 817 431 absolutio
838 385 895 452 per
910 364 1037 430 litteras
1050 373 1108 430 aui
1124 389 1203 432 nna·

221 477 314 542 tium.
329 477 429 542 Porro
447 473 585 540 inualida
605 481 652 538 est
667 473 739 538 talis
756 471 928 538 absolutio.
947 473 1122 560 Siquidem
1139 474 1203 541 Cle·

220 603 314 650 rnens
331 581 412 659 Vtri,
437 579 481 646 90
493 578 568 666 julii
587 577 690 658 taba,
701 579 783 646 itane
797 579 1056 666 propositionem
1071 581 1201 660 scilieet,

221 689 317 754 lisere
332 708 394 772 per
405 689 529 752 litteras
544 689 846 754 sanitaterauuiium
859 689 1064 772 confessario
1082 690 1205 756 obserati

219 807 354 882 peecata
370 796 654 862 sacramentaliter
672 795 830 882 confiteri,
849 795 930 860 stab
947 797 1060 876 eodem
1078 797 1208 864 absente

222 905 458 972 absolutionem
476 903 632 982 oblinere,
659 904 707 967 ati
722 893 832 968 mirans
849 905 896 970 aii
915 905 1054 988 pitanam,
1071 916 1207 973 temera·

222 1014 309 1080 riam
326 1024 354 1078 et
368 1013 603 1078 aeatteialasata
619 1011 811 1086 antsanvia
828 1031 878 1090 ae,
902 1011 963 1076 sub
981 1013 1206 1090 exeommuni·

224 1119 469 1207 sationispoena
495 1117 567 1184 latae
590 1117 758 1186 saptentiae
784 1117 814 1182 S.
845 1115 990 1184 Pontifici
1022 1129 1206 1196 reservate,
1260 1127 1261 1132 ’

223 1227 377 1312 pracepit
397 1247 437 1290 ne
458 1226 516 1293 ista
541 1245 636 1312 prop.
660 1242 806 1310 rataquaaa
825 1235 985 1310 tanquam
1000 1227 1119 1310 aliqua
1136 1248 1209 1298 oasa

221 1331 403 1417 probabilis
414 1333 624 1415 aspirantur,
636 1343 694 1396 aut
706 1335 754 1396 ad
763 1331 899 1415 praxim
909 1333 1024 1418 quouis
1041 1335 1144 1398 tando
1158 1337 1207 1400 sle·
1260 1315 1261 1324 ἵ

224 1444 425 1514 dueatur.-
436 1442 485 1518 At,
504 1441 530 1508 si
547 1441 651 1506 valida
669 1456 754 1508 esset
771 1443 840 1508 talis
857 1441 1030 1520 absolutio,
1044 1443 1166 1510 saltem
1179 1444 1206 1509 ia

223 1569 300 1616 easu
315 1547 513 1613 necessitatis
531 1568 602 1612 eam
616 1547 773 1616 adbibere
791 1550 900 1614 liceret
917 1549 974 1630 (l).

259 1736 293 1805 (l)
306 1723 419 1790 llorintts
433 1739 486 1806 qni,
503 1739 548 1788 lib.
565 1738 628 1799 Vlli,
644 1750 704 1800 cup.
720 1737 799 1800 ibin
816 1738 847 1789 el
861 1738 908 1788 luit
922 1736 1052 1790 sententia
1067 1741 1209 1792 absolutio·

225 1836 273 1874 nos
291 1837 336 1888 per
348 1823 449 1873 litteras
464 1821 614 1874 absentibus
627 1822 770 1884 impertitas
788 1835 838 1871 non
852 1820 1027 1886 infrequentes
1042 1823 1106 1872 olim
1117 1825 1148 1874 'in
1164 1825 1212 1875 Ec·
1260 1857 1261 1864 κ

227 1907 305 1958 elesii
330 1907 420 1966 inisse,
435 1913 527 1958 conset
549 1906 740 1957 absolutionum
754 1906 855 1956 absenti
871 1905 989 1956 collatam
1005 1914 1065 1969 post
1077 1907 1211 1960 decretura

227 1991 367 2048 presentis
379 1990 432 2040 Vlll
449 1989 586 2042 invalidam
609 2002 670 2040 osse
679 1989 739 2052 inre
766 1989 852 2052 nouas
870 1989 1060 2054 eeclesiastico.
1083 1992 1136 2041 atti
1154 1991 1210 2042 verti

227 2074 325 2127 rectius
336 2080 425 2124 teneaat
438 2074 596 2126 Clementem
610 2072 663 2128 l'lll
679 2085 773 2123 nontam
783 2071 829 2136 jus
846 2072 951 2130 minime
973 2071 1145 2140 uendidisse,
1168 2073 1211 2126 sed

227 2159 326 2208 tantam
342 2157 456 2206 divinum
472 2157 520 2208 bie
533 2157 565 2207 tle
580 2169 609 2208 re
627 2153 781 2212 declarasse.
796 2183 829 2192 —
844 2155 931 2218 Quoad
949 2155 1010 2206 uero
1035 2155 1213 2208 absolutiones
1237 2183 1240 2190 ·

227 2235 285 2286 illas
308 2250 373 2300 tinas
391 2237 451 2287 oiim
474 2237 624 2288 absentibus
651 2235 756 2286 collatas
783 2235 898 2286 relerttat
918 2236 1055 2288 contrariae
1078 2239 1214 2288 sententie

168 2376 172 2382 .
228 2317 1258 2382 mmmmmmmmmmmoemmmmmmmmmua·

228 2400 320 2462 nonies
335 2401 586 2466 perindulgentiam,
602 2402 643 2452 uel
657 2398 836 2470 absolutipnes
850 2403 865 2454 a
879 2403 1005 2456 censuris.
1026 2405 1087 2456 l'iti.
1106 2405 1218 2456 Ferraris

228 2491 257 2530 νῦ
270 2483 381 2542 Absens,
394 2489 448 2536 not.
465 2482 496 2531 ad
512 2497 537 2533 n.
556 2483 581 2533 2.
597 2483 665 2533 Edit.
684 2485 778 2549 iligna.

265 2567 373 2616 (iberra.
390 2567 413 2617 i.
430 2565 560 2630 Paulini,
577 2568 608 2617 ll
620 2565 666 2630 iul.
685 2566 758 2626 tiliis,
774 2569 798 2618 in
814 2570 941 2634 congreg.
957 2569 982 2620 S.
999 2569 1081 2620 obicit
1098 2571 1217 2620 deelara-

229 2649 267 2700 rit
280 2649 412 2703 demetam
430 2649 509 2700 clem.
530 2651 582 2700 viil
598 2651 675 2702 otiam
693 2651 887 2716 intelligendum
905 2655 965 2703 esse
979 2653 1004 2702 ia
1020 2665 1101 2704 sensu
1119 2654 1216 2714 diuiso,

202 2761 207 2770 =
229 2733 355 2803 inustae
376 2733 537 2785 confessione
551 2734 652 2786 absenti
665 2734 741 2799 laeti,
757 2736 795 2784 uei
812 2735 844 2784 tie
859 2735 1021 2790 absolutione
1038 2737 1145 2788 absenti
1158 2737 1215 2787 eoi-

230 2810 1261 2878 bm-bfflmmfflffimmmmmwmmmmmmmt

149 2929 151 2934 .
229 2903 344 2952 tendisse
359 2915 445 2952 casum
461 2914 511 2964 quo
526 2899 699 2951 absottenuns
713 2903 959 2952 essorntoribuntlns
969 2903 1091 2952 sensibus
1106 2904 1217 2954 destitu-

230 2993 283 3046 tus,
304 2995 379 3048 quem
394 2983 526 3036 adstantes
544 2985 734 3034 absolutionem
756 2987 830 3034 antei
846 2986 952 3050 petiisse
977 2992 1151 3036 testarentur.
1168 2985 1217 3036 bno

231 3052 479 3129 ¹(tt'treiertbened
498 3064 562 3127 XIV,
577 3069 608 3116 tie
634 3069 893 3129 synnadensem).
918 3067 970 3130 isli,
987 3081 1044 3131 cap.
1074 3071 1118 3130 ta,
1143 3085 1169 3121 n.
1189 3067 1217 3134 8)

231 3143 1219 3214 rmmfflffimmfflhmmmmfflmmwfflmmwmmb

231 3223 395 3276 mmmm

263 3305 316 3354 Cir.
331 3305 363 3357 tie
377 3308 525 3369 naeuuaest.
541 3308 675 3375 Toarnely,
691 3311 723 3364 de
740 3313 832 3364 Poenis.
847 3321 939 3378 attasi.
950 3315 976 3376 a,
991 3321 1041 3366 art.
1061 3315 1088 3377 l,
1104 3317 1138 3367 de
1153 3319 1218 3370 Coa·

230 3379 277 3438 ies.
289 3397 341 3444 per
363 3389 415 3447 itta
430 3389 558 3452 cbardun,
574 3393 645 3443 Hiar.
668 3396 713 3445 aes
732 3397 849 3448 Sacram
875 3393 958 3448 Peait.
975 3394 1039 3448 sect.
1056 3399 1083 3457 2,
1098 3399 1216 3465 caepta

234 3457 268 3500 i·
253 3465 357 3524 warena,
371 3467 420 3515 loe.
434 3469 481 3516 eit.
492 3476 543 3520 ete.
