2562 3810
555 131 595 144 -
620 85 684 160 ttt'
715 131 754 144 -

162 253 233 318 cap.
252 231 313 298 ll:
335 231 516 298 Christiani
535 233 676 300 laminir
689 235 912 319 paonitentiam
926 249 1002 320 prost
1017 241 1146 324 lapsam

160 341 262 406 molto
278 340 383 404 aliorn'
397 359 501 406 assera
523 341 725 425 baptismali,
746 343 847 428 elque
863 345 1071 412 contineri...
1091 369 1145 413 so·
1179 353 1184 370 '

160 447 377 534 tissoetioncnr
406 469 467 533 per
490 449 634 533 jejunio,
661 453 902 538 eleemosynas,
928 455 1092 521 orationes
1116 467 1146 521 ot

159 557 228 621 alia
242 551 302 640 pio
317 543 503 643 spiritualis
514 558 587 622 vitro
605 559 773 624 coercitio.
787 558 834 638 Et,
849 579 929 626 sess.
946 561 1001 640 ll,
1020 581 1093 648 cap.
1111 561 1144 638 8,

159 659 255 729 docet
279 661 514 730 satisfactiones
528 677 595 728 ooo
627 663 838 752 imponendos
855 685 926 732 esse
943 669 1069 732 tanttitn
1095 669 1141 736 od

158 789 252 836 novar
274 769 347 834 oftte
364 770 544 836 erestodiam
572 781 603 835 et
630 771 831 858 infirmitatis
860 776 1143 852 medicamentum,

157 875 218 942 recl
228 876 380 942 etiamad
387 878 624 960 proeteritorum
631 888 839 962 peecatorum
850 879 1027 946 vindictam
1036 893 1066 948 et
1076 901 1143 947 eos·

141 981 361 1068 ‚tipationcm
376 983 524 1069 -Ergo,
537 1005 575 1050 ex
592 984 706 1050 ordine
716 983 869 1050 divinitus
881 985 1039 1066 instituto,
1053 1006 1141 1074 quae·
1175 1027 1180 1044 ι

157 1087 233 1156 dam
250 1089 293 1156 ab
309 1088 442 1156 honrioc
458 1089 672 1179 persolventia
689 1103 737 1157 est
753 1090 925 1157 satisfactio
937 1091 969 1158 in
988 1083 1142 1181 compen*-

158 1196 316 1263 sationsm
334 1195 462 1284 injuriae
475 1197 544 1264 Deo
561 1197 670 1278 illatae,
685 1219 745 1265 nee
759 1198 793 1264 in
811 1218 931 1283 genere
944 1200 979 1264 fit
992 1199 1140 1268 remissio
1177 1210 1179 1214 ’

156 1304 281 1391 peceati
297 1303 358 1371 nisi
375 1303 436 1370 snb
454 1303 639 1372 conditione
654 1325 759 1392 poeoae
776 1302 946 1392 eujusdam
960 1302 1135 1375 solvendae.

202 1410 242 1476 9⁶
258 1409 396 1498 Saepius,
426 1410 562 1477 remisso
580 1411 683 1498 eulpae
700 1432 737 1478 ac
754 1431 859 1498 poenae
883 1425 1014 1479 aeternae
1034 1427 1137 1492 reatu,

154 1523 304 1605 superest
315 1514 359 1604 ‘in
381 1515 555 1584 vindictam
583 1515 732 1604 ejusdem
749 1517 853 1606 culpae
870 1518 1016 1586 debitum
1035 1539 1139 1607 poenae

155 1623 343 1713 temporalis
359 1624 392 1690 in
406 1624 468 1692 hoa
491 1625 612 1692 saeculo
632 1626 682 1693 vel
700 1627 733 1692 io
751 1626 860 1691 futuro
885 1626 1027 1694 luendae.
1054 1627 1137 1712 Ergo

155 1732 196 1796 ad
211 1731 339 1820 planam
352 1731 474 1818 peceati
492 1732 716 1800 remissionem
733 1733 764 1798 in
786 1732 847 1798 liae
867 1732 929 1798 vita
958 1733 1137 1799 necessaria

154 1853 204 1906 cst
220 1841 406 1908 satisfactio.

200 1947 530 2036 Saepius,remisso...
543 1953 691 2036 superest
702 1945 862 2024 debitum,
872 1958 950 2012 eto:
967 1941 1135 2012 Constatl.

153 2057 335 2144 perspicuis·
351 2062 382 2122 et
404 2054 584 2121 illustribus
602 2052 756 2140 exemplis
773 2053 805 2118 in
826 2054 859 2119 S.
879 2053 995 2140 Soript.
1016 2051 1135 2130 relatis,

152 2163 322 2250 speciatim
348 2162 496 2250 exemplo
513 2162 615 2228 David
634 2161 674 2242 (l
694 2159 772 2246 Rrp.
791 2160 845 2238 ll,
865 2157 938 2240 to),
961 2160 1002 2225 de
1018 2179 1084 2246 qno
1101 2161 1135 2228 S.

153 2271 344 2356 Gregorii.
358 2269 418 2336 lib.
431 2270 465 2349 9,
480 2269 591 2336 lloral.
604 2291 676 2358 cap.
694 2267 745 2333 ll:
759 2268 969 2353 Delinqoenti
978 2267 1138 2332 Dominus

152 2398 364 2464 nequaqnam
387 2379 508 2465 por-eit,
542 2379 620 2464 qttia
644 2377 796 2443 delictam
825 2379 895 2442 sinte
926 2375 1048 2441 ttltione
1071 2395 1137 2440 non

150 2486 285 2552 decerit.
305 2485 370 2553 Ant
385 2485 550 2570 enimipse
566 2485 666 2555 lromo
678 2485 712 2550 in
729 2505 763 2550 ee
783 2463 1063 2572 ponitcnspnnit,
1076 2493 1133 2548 attt

151 2593 213 2658 lnoe
231 2593 318 2658 Dans
330 2611 403 2658 cnm
415 2591 544 2659 fiamine
559 2592 732 2656 oirrdleons
745 2593 929 2676 permitit...
948 2589 1001 2655 Sis
1024 2589 1138 2656 Dauid

152 2699 272 2765 andire
292 2710 366 2784 post
389 2699 622 2785 eortsessionem
638 2698 773 2762 meruit:
791 2691 951 2762 Dominus
977 2693 1138 2760 transtulit

150 2813 321 2893 peceatum
335 2817 440 2872 tuum.
464 2805 505 2870 Et
522 2815 631 2872 tanton
648 2804 759 2870 moltis
780 2805 855 2889 plat
871 2800 1070 2866 commatibus
1083 2803 1135 2885 os·

147 2913 257 2999 flicttts
269 2932 308 2978 ao
323 2913 466 3000 sopiens,
483 2921 609 2977 reotnrn
627 2911 729 2999 cnlpae
755 2929 854 2995 quarn
872 2917 1134 2993 perpetraverat,

148 3027 301 3094 exsolvit.
320 3027 439 3094 Eadem
457 3026 553 3094 habet
571 3023 749 3110 snagan.
768 3023 799 3089 in
811 3023 862 3091 Ps.
880 3023 922 3090 50
935 3022 991 3106 (l).
1006 3019 1136 3088 Constat

148 3135 187 3202 2.
208 3133 272 3201 lide
288 3147 320 3207 et
329 3135 419 3224 praxi
429 3133 589 3202 Ecclesiae.
612 3133 689 3199 fide
708 3138 827 3220 nempe
844 3142 968 3198 certum
986 3142 1036 3197 est
1052 3129 1135 3196 exis-

149 3254 220 3306 tere
237 3240 460 3328 purgatorium
478 3239 510 3306 in
535 3257 600 3328 quo
617 3239 733 3304 animae
756 3237 920 3326 justorum
941 3233 1134 3324 temporales

187 3461 327 3527 (illarius
346 3463 398 3516 rid,
413 3462 558 3515 ltellarmin.
574 3465 605 3516 tle
623 3463 721 3516 Ponit.
736 3461 780 3514 lib.
798 3461 837 3526 tv,
852 3474 907 3525 cap.
923 3459 949 3510 t.
