2556 3812
580 87 782 154 -tttt-

196 233 328 320 quidem
345 226 521 316 anquando
545 227 695 312 grauiter,
715 225 866 294 sacerdos
885 225 1036 290 omittens
1053 225 1177 312 absque

194 345 290 406 eausa
302 336 390 424 justa
410 334 662 402 cclebtutlonem
680 333 786 400 missae
804 333 836 398 io
854 331 1130 418 luco-designato.

237 443 382 510 Dicimus
398 443 427 508 l.
444 441 576 528 quando
589 439 741 506 laudator
759 439 937 522 designavit
947 451 1085 523 propter
1102 459 1176 504 euu-

192 569 263 616 aum
275 565 422 634 prooem,
443 567 473 611 v.
488 565 520 628 g.
536 557 668 631 propter
685 543 949 610 commoditatem
964 542 1077 628 populi
1105 545 1177 608 mis-

193 673 260 720 sam
279 651 433 730 uuditnii,
452 649 499 717 vel
518 663 647 738 propter
665 649 898 732 indulgentiam
917 648 1025 714 altaris
1048 649 1176 735 priuile-

193 760 282 846 giati,
297 757 339 824 ob
353 757 525 845 specialem
536 756 658 822 cultum
677 753 795 831 Sancti,
813 768 867 818 ant
881 755 1071 820 memoriam
1084 755 1177 821 lami·

193 867 245 932 liae
255 887 328 952 quea
341 864 420 930 illud
435 863 571 930 extruxit
581 861 693 940 altare,
706 861 851 926 cuce-9.
868 859 994 940 peccat,
1007 872 1037 925 ct
1048 862 1176 946 quddam

194 973 373 1059 eliquondd
385 973 547 1057 praviter:
569 973 717 1037 Peccatet
733 975 848 1034 aulem
860 969 1011 1051 grauiter,
1035 968 1126 1054 juxta
1140 969 1174 1034 S.

192 1081 265 1165 etp.
281 1102 315 1147 n.
335 1079 414 1158 529,
433 1077 620 1166 capellanus
633 1076 702 1164 qui,
720 1075 931 1160 obligatusad
950 1075 1175 1170 missamque

192 1191 270 1255 uuit
295 1187 522 1254 celebrandam
545 1187 576 1252 io
602 1185 737 1252 eeclesia
757 1185 934 1277 designata,
962 1205 1035 1250 eam
1055 1186 1176 1272 saepiits
1254 1181 1255 1216 l

192 1297 404 1370 omittet·et,v.
420 1313 453 1377 g.
465 1292 537 1378 plus
555 1295 653 1378 quam
672 1290 771 1357 semel
791 1299 845 1356 aut
863 1291 912 1356 ltis
929 1291 960 1356 in
979 1313 1104 1358 meuse.
1123 1293 1178 1356 Fa·
1254 1371 1255 1374 Ἴ

192 1401 402 1468 eiliitstameu
416 1402 654 1466 exettsaeelur'a
673 1399 773 1482 gravi,
793 1398 818 1464 si
837 1403 1111 1464 mutarettontitm
1132 1401 1177 1466 al·
1254 1427 1255 1464 3

191 1522 260 1572 tane
278 1519 310 1572 et
329 1527 396 1572 non
418 1503 648 1572 ecelesiam.--
662 1505 823 1582 Peccata,
842 1519 884 1580 et,
894 1503 984 1590 juxta
998 1505 1174 1588 quosdam,

192 1615 342 1700 grauiter,
362 1613 514 1680 sacerdos
530 1611 586 1698 qui
605 1623 736 1698 accepto
755 1611 914 1698 stipendio
936 1633 995 1698 pro
1019 1613 1174 1680 missa-ad

150 1773 151 1776 η
191 1718 537 1808 altarepeinilegiatom
556 1714 761 1794 eetebranta,
778 1717 957 1783 ecleltrarct
969 1718 1009 1783 ad
1026 1717 1116 1783 aliud
1130 1719 1176 1785 al·

194 1839 273 1890 tore.
292 1825 376 1902 lind,
389 1823 416 1888 si
433 1822 636 1908 eleemosyna
661 1820 810 1908 pinguior
837 1820 896 1906 ipsi
924 1821 999 1886 data
1019 1819 1116 1885 luerit
1134 1823 1174 1886 ad

192 1931 279 1996 laune
305 1929 415 2009 fineen,
445 1937 611 1998 leneeetae
633 1928 672 1992 od
699 1927 931 1992 rennuendam
953 1941 1078 2014 paetum
1100 1950 1175 2016 quae

192 2036 316 2102 excedit
339 2037 536 2124 stipendium
557 2033 781 2100 ordinarium:
796 2034 822 2100 si
841 2046 950 2099 autem
968 2033 1173 2121 eleemosyna

191 2142 287 2208 locuit
303 2143 477 2220 ordinaria,
497 2163 561 2206 non
580 2148 743 2206 teneretur
765 2141 897 2226 quidem
915 2141 954 2207 ad
972 2162 1045 2206 eam
1075 2133 1170 2208 lesti-

193 2247 361 2324 tuendam‚
382 2261 417 2311 ut
433 2249 565 2334 qttidam
584 2249 708 2324 uoluunt,
732 2248 788 2312 sed
807 2248 929 2313 tantiam
943 2248 984 2314 ad
1001 2247 1173 2334 lucrandas

188 2352 408 2436 indulgentias
425 2353 632 2441 applicabilcs
645 2375 703 2441 pro
713 2353 886 2420 defunctis
897 2352 934 2420 S.
953 2354 1026 2440 tipo.
1040 2376 1076 2420 n.
1092 2355 1170 2420 329.

189 2458 273 2524 *δι
292 2459 448 2526 Omittens
462 2461 582 2547 ultaque
590 2463 684 2545 justu
703 2463 825 2527 euctaei:
842 2461 940 2527 Porto
954 2461 1106 2528 sacerdos
1119 2482 1174 2528 ex·
1254 2539 1255 2560 p

128 2651 131 2656 ,
190 2576 369 2647 cosmetur,
382 2568 414 2634 -si
437 2569 571 2634 eeclesia
589 2581 643 2634 aut
660 2568 760 2636 altare
774 2578 856 2636 esset
871 2581 1069 2648 execratum,
1087 2569 1113 2636 si
1130 2569 1174 2634 al-

189 2689 256 2742 tare
277 2675 317 2741 ula
346 2674 408 2741 alio
437 2677 603 2742 sacerdote
627 2687 712 2740 esset
729 2689 921 2764 occupatum
944 2689 975 2742 et
997 2676 1065 2764 ipse
1082 2692 1172 2742 eom·
1254 2711 1255 2720 2

188 2782 287 2847 inodo
302 2803 366 2846 non
381 2794 489 2870 posset
499 2789 695 2868 exspectare.

230 2887 267 2954 5⁰
281 2887 401 2970 -Qooad
418 2889 572 2954 missum:
588 2889 740 2955 sacerdos
750 2877 912 2955 oediitaeie
926 2890 1172 2958 tenetureliccec

187 2996 317 3060 missam
344 2993 385 3060 ab
409 2995 646 3082 eleemosynam
677 2995 843 3088 ullercnte·
857 2997 1000 3085 petitam,
1020 3017 1051 3062 u.
1071 3017 1104 3082 g.
1121 2996 1172 3064 uel

187 3121 247 3186 peu
268 3100 440 3177 defunctis,
462 3101 509 3166 vel
533 3103 691 3178 votivam;
709 3103 785 3188 qnia
813 3103 856 3168 ob
879 3103 978 3190 ipsias
1003 3103 1171 3170 offerentis
1254 3107 1255 3160 ἐ

186 3203 390 3266 devotionem
404 3219 434 3268 et
446 3207 601 3291 speciales
617 3209 778 3272 orationes
793 3208 896 3296 atejus
912 3209 1036 3274 lettctns
1054 3231 1169 3297 prove·
1254 3261 1255 3282 t

187 3305 255 3376 nite
283 3305 376 3381 solet.
402 3311 616 3380 -Dicimus
645 3314 833 3392 cadumim
867 3314 940 3400 quia
973 3315 999 3380 si
1028 3315 1169 3400 rubetae

187 3401 282 3466 talem
303 3405 432 3472 missam
461 3433 524 3476 non
547 3417 741 3498 permittam,
759 3419 906 3484 ordinem
938 3417 1103 3500 matutae,
1122 3420 1166 3490 ob
1254 3431 1255 3448 ¹
