<?xml version="1.0" encoding="UTF-8"?>
<!DOCTYPE html PUBLIC "-//W3C//DTD XHTML 1.0 Transitional//EN"
    "http://www.w3.org/TR/xhtml1/DTD/xhtml1-transitional.dtd">
<html xmlns="http://www.w3.org/1999/xhtml" xml:lang="en" lang="en">
 <head>
  <title>
</title>
<meta http-equiv="Content-Type" content="text/html;charset=utf-8" />
  <meta name='ocr-system' content='tesseract 3.04.00' />
  <meta name='ocr-capabilities' content='ocr_page ocr_carea ocr_par ocr_line ocrx_word'/>
</head>
<body>
  <div class='ocr_page' id='page_1' title='image "./theologiadogmat01fraigoog_0537.png"; bbox 0 0 2572 3802; ppageno 0'>
   <div class='ocr_carea' id='block_1_1' title="bbox 562 141 765 211">
    <p class='ocr_par' dir='ltr' id='par_1_1' title="bbox 562 141 765 211">
     <span class='ocr_line' id='line_1_1' title="bbox 562 141 765 211; baseline -0.005 0"><span class='ocrx_word' id='word_1_1' title='bbox 562 181 609 198; x_wconf 92' lang='lat'><em>-</em></span> <span class='ocrx_word' id='word_1_2' title='bbox 632 141 765 211; x_wconf 63' lang='lat'><strong>524-</strong></span> 
     </span>
    </p>
   </div>
   <div class='ocr_carea' id='block_1_2' title="bbox 170 283 1156 911">
    <p class='ocr_par' dir='ltr' id='par_1_2' title="bbox 170 283 1156 911">
     <span class='ocr_line' id='line_1_2' title="bbox 171 283 1156 380; baseline -0.004 -24"><span class='ocrx_word' id='word_1_3' title='bbox 171 291 282 380; x_wconf 75' lang='lat' dir='ltr'><strong>posted</strong></span> <span class='ocrx_word' id='word_1_4' title='bbox 292 287 450 378; x_wconf 80' lang='lat' dir='ltr'><strong>poenitent</strong></span> <span class='ocrx_word' id='word_1_5' title='bbox 460 287 550 356; x_wconf 82' lang='lat' dir='ltr'><strong>alteri</strong></span> <span class='ocrx_word' id='word_1_6' title='bbox 560 284 841 363; x_wconf 80' lang='lat' dir='ltr'><strong>consessusiuerit,</strong></span> <span class='ocrx_word' id='word_1_7' title='bbox 853 283 1156 352; x_wconf 84' lang='lat' dir='ltr'><strong>uutEuohoristiam</strong></span> 
     </span>
     <span class='ocr_line' id='line_1_3' title="bbox 170 391 1155 483; baseline -0.005 -20"><span class='ocrx_word' id='word_1_8' title='bbox 170 397 343 483; x_wconf 82' lang='lat' dir='ltr'><strong>receperit.</strong></span> <span class='ocrx_word' id='word_1_9' title='bbox 360 397 561 463; x_wconf 85' lang='lat' dir='ltr'><strong>-Tenetur</strong></span> <span class='ocrx_word' id='word_1_10' title='bbox 584 419 592 462; x_wconf 91' lang='lat'><strong>:</strong></span> <span class='ocrx_word' id='word_1_11' title='bbox 624 393 841 462; x_wconf 80' lang='lat' dir='ltr'><strong>confessarius</strong></span> <span class='ocrx_word' id='word_1_12' title='bbox 863 392 951 458; x_wconf 90' lang='lat' dir='ltr'><strong>enirn</strong></span> <span class='ocrx_word' id='word_1_13' title='bbox 969 391 1155 479; x_wconf 76' lang='lat' dir='ltr'><strong>suscipiens</strong></span> 
     </span>
     <span class='ocr_line' id='line_1_4' title="bbox 171 499 1156 587; baseline -0.01 -15"><span class='ocrx_word' id='word_1_14' title='bbox 171 523 254 572; x_wconf 90' lang='lat' dir='ltr'><strong>onus</strong></span> <span class='ocrx_word' id='word_1_15' title='bbox 271 501 482 570; x_wconf 75' lang='lat' dir='ltr'><strong>consessionis</strong></span> <span class='ocrx_word' id='word_1_16' title='bbox 497 503 683 581; x_wconf 85' lang='lat' dir='ltr'><strong>audiendae,</strong></span> <span class='ocrx_word' id='word_1_17' title='bbox 702 504 731 568; x_wconf 90' lang='lat' dir='ltr'><strong>vi</strong></span> <span class='ocrx_word' id='word_1_18' title='bbox 752 499 844 587; x_wconf 87' lang='lat' dir='ltr'><strong>quasi</strong></span> <span class='ocrx_word' id='word_1_19' title='bbox 854 503 1039 567; x_wconf 79' lang='lat' dir='ltr'><strong>contractus</strong></span> <span class='ocrx_word' id='word_1_20' title='bbox 1056 499 1156 566; x_wconf 83' lang='lat' dir='ltr'><strong>debet</strong></span> 
     </span>
     <span class='ocr_line' id='line_1_5' title="bbox 172 605 1155 696; baseline -0.005 -20"><span class='ocrx_word' id='word_1_21' title='bbox 172 609 322 676; x_wconf 85' lang='lat' dir='ltr'><strong>omittere</strong></span> <span class='ocrx_word' id='word_1_22' title='bbox 334 609 444 696; x_wconf 83' lang='lat' dir='ltr'><strong>cuipas</strong></span> <span class='ocrx_word' id='word_1_23' title='bbox 454 631 492 676; x_wconf 87' lang='lat' dir='ltr'><strong>ert</strong></span> <span class='ocrx_word' id='word_1_24' title='bbox 504 610 623 696; x_wconf 81' lang='lat' dir='ltr'><strong>quibus</strong></span> <span class='ocrx_word' id='word_1_25' title='bbox 640 623 833 694; x_wconf 80' lang='lat' dir='ltr'><strong>sequeretur</strong></span> <span class='ocrx_word' id='word_1_26' title='bbox 846 605 1027 670; x_wconf 74' lang='lat' dir='ltr'><strong>invalidius</strong></span> <span class='ocrx_word' id='word_1_27' title='bbox 1045 627 1155 671; x_wconf 84' lang='lat' dir='ltr'><strong>soora·</strong></span> 
     </span>
     <span class='ocr_line' id='line_1_6' title="bbox 173 709 1156 800; baseline -0.006 -18"><span class='ocrx_word' id='word_1_28' title='bbox 173 713 289 790; x_wconf 59' lang='lat' dir='ltr'><strong>nanta</strong></span> <span class='ocrx_word' id='word_1_29' title='bbox 314 715 462 800; x_wconf 75' lang='lat' dir='ltr'><strong>proinde,</strong></span> <span class='ocrx_word' id='word_1_30' title='bbox 484 715 509 781; x_wconf 89' lang='lat' dir='ltr'><strong>si</strong></span> <span class='ocrx_word' id='word_1_31' title='bbox 533 715 564 780; x_wconf 94' lang='lat' dir='ltr'><strong>in</strong></span> <span class='ocrx_word' id='word_1_32' title='bbox 590 735 644 782; x_wconf 84' lang='lat' dir='ltr'><strong>eos</strong></span> <span class='ocrx_word' id='word_1_33' title='bbox 660 714 771 799; x_wconf 87' lang='lat' dir='ltr'><strong>ouipas</strong></span> <span class='ocrx_word' id='word_1_34' title='bbox 793 709 954 786; x_wconf 79' lang='lat' dir='ltr'><strong>inciderit,</strong></span> <span class='ocrx_word' id='word_1_35' title='bbox 973 720 1156 776; x_wconf 85' lang='lat' dir='ltr'><strong>tenetnrex</strong></span> 
     </span>
     <span class='ocr_line' id='line_1_7' title="bbox 170 815 1155 911; baseline -0.003 -26"><span class='ocrx_word' id='word_1_36' title='bbox 170 819 293 911; x_wconf 70' lang='lat' dir='ltr'><strong>justitie</strong></span> <span class='ocrx_word' id='word_1_37' title='bbox 324 841 379 889; x_wconf 84' lang='lat' dir='ltr'><strong>eas</strong></span> <span class='ocrx_word' id='word_1_38' title='bbox 406 841 568 908; x_wconf 82' lang='lat' dir='ltr'><strong>reparare.</strong></span> <span class='ocrx_word' id='word_1_39' title='bbox 585 857 628 870; x_wconf 92' lang='lat'>-</span> <span class='ocrx_word' id='word_1_40' title='bbox 649 818 713 886; x_wconf 88' lang='lat' dir='ltr'><strong>Nisi</strong></span> <span class='ocrx_word' id='word_1_41' title='bbox 738 823 848 904; x_wconf 78' lang='lat' dir='ltr'><strong>postea</strong></span> <span class='ocrx_word' id='word_1_42' title='bbox 873 815 1033 904; x_wconf 85' lang='lat' dir='ltr'><strong>poenitens</strong></span> <span class='ocrx_word' id='word_1_43' title='bbox 1059 817 1155 883; x_wconf 86' lang='lat' dir='ltr'><strong>alteri</strong></span> 
     </span>
    </p>
   </div>
   <div class='ocr_carea' id='block_1_3' title="bbox 175 923 1259 1118">
    <p class='ocr_par' dir='ltr' id='par_1_3' title="bbox 175 923 1259 1118">
     <span class='ocr_line' id='line_1_8' title="bbox 175 923 1259 1010; baseline -0.004 -19"><span class='ocrx_word' id='word_1_44' title='bbox 175 924 342 993; x_wconf 85' lang='lat' dir='ltr'><strong>oorriossos</strong></span> <span class='ocrx_word' id='word_1_45' title='bbox 363 926 469 1006; x_wconf 82' lang='lat' dir='ltr'><strong>suerit,</strong></span> <span class='ocrx_word' id='word_1_46' title='bbox 495 926 793 994; x_wconf 86' lang='lat' dir='ltr'><strong>aotEooitoristiaur</strong></span> <span class='ocrx_word' id='word_1_47' title='bbox 815 923 996 1010; x_wconf 85' lang='lat' dir='ltr'><strong>receperit:</strong></span> <span class='ocrx_word' id='word_1_48' title='bbox 1016 943 1092 988; x_wconf 86' lang='lat' dir='ltr'><strong>nom</strong></span> <span class='ocrx_word' id='word_1_49' title='bbox 1118 925 1155 994; x_wconf 87' lang='lat' dir='ltr'><strong>in</strong></span> <span class='ocrx_word' id='word_1_50' title='bbox 1258 965 1259 972; x_wconf 23' lang='grc' dir='ltr'><strong>κ</strong></span> 
     </span>
     <span class='ocr_line' id='line_1_9' title="bbox 176 1025 1259 1118; baseline -0.003 -24"><span class='ocrx_word' id='word_1_51' title='bbox 176 1027 239 1094; x_wconf 86' lang='lat' dir='ltr'><strong>hoo</strong></span> <span class='ocrx_word' id='word_1_52' title='bbox 255 1053 331 1096; x_wconf 88' lang='lat' dir='ltr'><strong>oosu</strong></span> <span class='ocrx_word' id='word_1_53' title='bbox 355 1039 521 1118; x_wconf 83' lang='lat' dir='ltr'><strong>peecatum</strong></span> <span class='ocrx_word' id='word_1_54' title='bbox 546 1030 605 1098; x_wconf 85' lang='lat' dir='ltr'><strong>tait</strong></span> <span class='ocrx_word' id='word_1_55' title='bbox 631 1029 786 1095; x_wconf 72' lang='lat' dir='ltr'><strong>indirecte</strong></span> <span class='ocrx_word' id='word_1_56' title='bbox 811 1027 997 1105; x_wconf 86' lang='lat' dir='ltr'><strong>remissum,</strong></span> <span class='ocrx_word' id='word_1_57' title='bbox 1017 1025 1155 1113; x_wconf 70' lang='lat' dir='ltr'><strong>proinde</strong></span> <span class='ocrx_word' id='word_1_58' title='bbox 1258 1025 1259 1054; x_wconf 61' lang='lat'><strong>³</strong></span> 
     </span>
    </p>
   </div>
   <div class='ocr_carea' id='block_1_4' title="bbox 175 1136 544 1221">
    <p class='ocr_par' dir='ltr' id='par_1_4' title="bbox 175 1136 544 1221">
     <span class='ocr_line' id='line_1_10' title="bbox 175 1136 544 1221; baseline 0.003 -20"><span class='ocrx_word' id='word_1_59' title='bbox 175 1136 310 1202; x_wconf 82' lang='lat' dir='ltr'><strong>cessavit</strong></span> <span class='ocrx_word' id='word_1_60' title='bbox 325 1137 478 1221; x_wconf 75' lang='lat' dir='ltr'><strong>obligatio</strong></span> <span class='ocrx_word' id='word_1_61' title='bbox 489 1137 544 1217; x_wconf 82' lang='lat' dir='ltr'><strong>(i).</strong></span> 
     </span>
    </p>
   </div>
   <div class='ocr_carea' id='block_1_5' title="bbox 173 1239 1259 1429">
    <p class='ocr_par' dir='ltr' id='par_1_5' title="bbox 173 1239 1259 1429">
     <span class='ocr_line' id='line_1_11' title="bbox 219 1239 1259 1326; baseline -0.002 -19"><span class='ocrx_word' id='word_1_62' title='bbox 219 1243 257 1307; x_wconf 69' lang='lat'><strong>2⁰</strong></span> <span class='ocrx_word' id='word_1_63' title='bbox 285 1245 317 1309; x_wconf 89' lang='lat' dir='ltr'><strong>Si</strong></span> <span class='ocrx_word' id='word_1_64' title='bbox 346 1245 490 1311; x_wconf 83' lang='lat' dir='ltr'><strong>deiectus</strong></span> <span class='ocrx_word' id='word_1_65' title='bbox 507 1255 654 1310; x_wconf 83' lang='lat' dir='ltr'><strong>versetur</strong></span> <span class='ocrx_word' id='word_1_66' title='bbox 675 1241 758 1309; x_wconf 83' lang='lat' dir='ltr'><strong>eirca</strong></span> <span class='ocrx_word' id='word_1_67' title='bbox 783 1240 1000 1326; x_wconf 81' lang='lat' dir='ltr'><strong>iatrpritutem</strong></span> <span class='ocrx_word' id='word_1_68' title='bbox 1026 1239 1152 1306; x_wconf 83' lang='lat' dir='ltr'><strong>nonies·</strong></span> <span class='ocrx_word' id='word_1_69' title='bbox 1256 1277 1259 1289; x_wconf 91' lang='lat'>·</span> 
     </span>
     <span class='ocr_line' id='line_1_12' title="bbox 173 1340 1259 1429; baseline 0 -17"><span class='ocrx_word' id='word_1_70' title='bbox 173 1340 351 1412; x_wconf 77' lang='lat' dir='ltr'><strong>sionist—</strong></span> <span class='ocrx_word' id='word_1_71' title='bbox 369 1349 422 1413; x_wconf 83' lang='lat' dir='ltr'><strong>Vei</strong></span> <span class='ocrx_word' id='word_1_72' title='bbox 436 1347 650 1414; x_wconf 74' lang='lat' dir='ltr'><strong>confessarios</strong></span> <span class='ocrx_word' id='word_1_73' title='bbox 667 1369 702 1414; x_wconf 85' lang='lat' dir='ltr'><strong>se</strong></span> <span class='ocrx_word' id='word_1_74' title='bbox 716 1347 829 1413; x_wconf 87' lang='lat' dir='ltr'><strong>itubuit</strong></span> <span class='ocrx_word' id='word_1_75' title='bbox 842 1346 1001 1429; x_wconf 73' lang='lat' dir='ltr'><strong>negative,</strong></span> <span class='ocrx_word' id='word_1_76' title='bbox 1023 1366 1087 1410; x_wconf 93' lang='lat' dir='ltr'><strong>non</strong></span> <span class='ocrx_word' id='word_1_77' title='bbox 1106 1346 1153 1412; x_wconf 85' lang='lat' dir='ltr'><strong>in·</strong></span> <span class='ocrx_word' id='word_1_78' title='bbox 1258 1359 1259 1364; x_wconf 77' lang='grc'>’</span> 
     </span>
    </p>
   </div>
   <div class='ocr_carea' id='block_1_6' title="bbox 174 1450 1157 2284">
    <p class='ocr_par' dir='ltr' id='par_1_6' title="bbox 174 1450 1157 2284">
     <span class='ocr_line' id='line_1_13' title="bbox 174 1450 1152 1539; baseline 0.002 -25"><span class='ocrx_word' id='word_1_79' title='bbox 174 1451 370 1534; x_wconf 80' lang='lat' dir='ltr'><strong>terrogando</strong></span> <span class='ocrx_word' id='word_1_80' title='bbox 383 1453 607 1539; x_wconf 64' lang='lat' dir='ltr'><strong>poenitentem</strong></span> <span class='ocrx_word' id='word_1_81' title='bbox 626 1453 675 1518; x_wconf 88' lang='lat' dir='ltr'><strong>voi</strong></span> <span class='ocrx_word' id='word_1_82' title='bbox 694 1453 840 1539; x_wconf 78' lang='lat' dir='ltr'><strong>positive,</strong></span> <span class='ocrx_word' id='word_1_83' title='bbox 861 1451 951 1518; x_wconf 85' lang='lat' dir='ltr'><strong>iilum</strong></span> <span class='ocrx_word' id='word_1_84' title='bbox 967 1450 1152 1518; x_wconf 77' lang='lat' dir='ltr'><strong>inducendo</strong></span> 
     </span>
     <span class='ocr_line' id='line_1_14' title="bbox 175 1557 1152 1645; baseline -0.002 -21"><span class='ocrx_word' id='word_1_85' title='bbox 175 1575 217 1624; x_wconf 82' lang='lat' dir='ltr'><strong>oe</strong></span> <span class='ocrx_word' id='word_1_86' title='bbox 240 1557 380 1643; x_wconf 85' lang='lat' dir='ltr'><strong>speoieur</strong></span> <span class='ocrx_word' id='word_1_87' title='bbox 394 1573 606 1624; x_wconf 87' lang='lat' dir='ltr'><strong>etnutueruro</strong></span> <span class='ocrx_word' id='word_1_88' title='bbox 621 1573 828 1645; x_wconf 86' lang='lat' dir='ltr'><strong>peoontoruot</strong></span> <span class='ocrx_word' id='word_1_89' title='bbox 847 1557 1040 1623; x_wconf 85' lang='lat' dir='ltr'><strong>doeiarorot.</strong></span> <span class='ocrx_word' id='word_1_90' title='bbox 1058 1594 1106 1606; x_wconf 90' lang='lat'>—</span> <span class='ocrx_word' id='word_1_91' title='bbox 1120 1557 1152 1624; x_wconf 86' lang='lat' dir='ltr'><strong>si</strong></span> 
     </span>
     <span class='ocr_line' id='line_1_15' title="bbox 177 1663 1151 1747; baseline 0.001 -17"><span class='ocrx_word' id='word_1_92' title='bbox 177 1664 323 1747; x_wconf 76' lang='lat' dir='ltr'><strong>negative</strong></span> <span class='ocrx_word' id='word_1_93' title='bbox 336 1687 344 1728; x_wconf 83' lang='lat' dir='ltr'><strong>t</strong></span> <span class='ocrx_word' id='word_1_94' title='bbox 359 1686 422 1730; x_wconf 91' lang='lat' dir='ltr'><strong>non</strong></span> <span class='ocrx_word' id='word_1_95' title='bbox 432 1675 559 1732; x_wconf 87' lang='lat' dir='ltr'><strong>tenetur</strong></span> <span class='ocrx_word' id='word_1_96' title='bbox 572 1686 717 1742; x_wconf 85' lang='lat' dir='ltr'><strong>monere,</strong></span> <span class='ocrx_word' id='word_1_97' title='bbox 734 1665 794 1729; x_wconf 82' lang='lat' dir='ltr'><strong>nisi</strong></span> <span class='ocrx_word' id='word_1_98' title='bbox 806 1665 886 1730; x_wconf 84' lang='lat' dir='ltr'><strong>intra</strong></span> <span class='ocrx_word' id='word_1_99' title='bbox 896 1663 1151 1743; x_wconf 64' lang='lat' dir='ltr'><strong>confessionem</strong></span> 
     </span>
     <span class='ocr_line' id='line_1_16' title="bbox 175 1769 1154 1858; baseline -0.001 -20"><span class='ocrx_word' id='word_1_100' title='bbox 175 1770 421 1856; x_wconf 80' lang='lat' dir='ltr'><strong>obligatioeninr</strong></span> <span class='ocrx_word' id='word_1_101' title='bbox 439 1773 703 1857; x_wconf 80' lang='lat' dir='ltr'><strong>adintegritatem</strong></span> <span class='ocrx_word' id='word_1_102' title='bbox 714 1769 811 1836; x_wconf 81' lang='lat' dir='ltr'><strong>afficit</strong></span> <span class='ocrx_word' id='word_1_103' title='bbox 823 1771 1034 1858; x_wconf 69' lang='lat' dir='ltr'><strong>poenitentem</strong></span> <span class='ocrx_word' id='word_1_104' title='bbox 1049 1772 1154 1857; x_wconf 82' lang='lat' dir='ltr'><strong>patius</strong></span> 
     </span>
     <span class='ocr_line' id='line_1_17' title="bbox 178 1879 1157 1967; baseline 0 -21"><span class='ocrx_word' id='word_1_105' title='bbox 178 1885 276 1967; x_wconf 76' lang='lat' dir='ltr'><strong>quint</strong></span> <span class='ocrx_word' id='word_1_106' title='bbox 294 1881 543 1948; x_wconf 77' lang='lat' dir='ltr'><strong>confessarium.</strong></span> <span class='ocrx_word' id='word_1_107' title='bbox 558 1919 601 1929; x_wconf 93' lang='lat'>—</span> <span class='ocrx_word' id='word_1_108' title='bbox 618 1881 650 1946; x_wconf 91' lang='lat' dir='ltr'><strong>Si</strong></span> <span class='ocrx_word' id='word_1_109' title='bbox 669 1879 804 1967; x_wconf 73' lang='lat' dir='ltr'><strong>positive</strong></span> <span class='ocrx_word' id='word_1_110' title='bbox 820 1900 856 1945; x_wconf 87' lang='lat' dir='ltr'><strong>se</strong></span> <span class='ocrx_word' id='word_1_111' title='bbox 870 1879 982 1943; x_wconf 79' lang='lat' dir='ltr'><strong>{tabuit</strong></span> <span class='ocrx_word' id='word_1_112' title='bbox 999 1900 1007 1942; x_wconf 75' lang='grc' dir='ltr'><strong><em>ε</em></strong></span> <span class='ocrx_word' id='word_1_113' title='bbox 1029 1887 1157 1946; x_wconf 83' lang='lat' dir='ltr'><strong>tenetur</strong></span> 
     </span>
     <span class='ocr_line' id='line_1_18' title="bbox 177 1985 1155 2066; baseline 0.001 -14"><span class='ocrx_word' id='word_1_114' title='bbox 177 2008 322 2065; x_wconf 79' lang='lat' dir='ltr'><strong>monere,</strong></span> <span class='ocrx_word' id='word_1_115' title='bbox 342 1990 437 2058; x_wconf 83' lang='lat' dir='ltr'><strong>etinut</strong></span> <span class='ocrx_word' id='word_1_116' title='bbox 467 1996 553 2054; x_wconf 84' lang='lat' dir='ltr'><strong>extra</strong></span> <span class='ocrx_word' id='word_1_117' title='bbox 578 1985 814 2054; x_wconf 84' lang='lat' dir='ltr'><strong>cotriessiooeut</strong></span> <span class='ocrx_word' id='word_1_118' title='bbox 841 1985 994 2066; x_wconf 70' lang='lat' dir='ltr'><strong>(liuentia</strong></span> <span class='ocrx_word' id='word_1_119' title='bbox 1012 1989 1155 2052; x_wconf 63' lang='lat' dir='ltr'><strong>tament</strong></span> 
     </span>
     <span class='ocr_line' id='line_1_19' title="bbox 177 2091 1157 2182; baseline 0.001 -22"><span class='ocrx_word' id='word_1_120' title='bbox 177 2095 352 2181; x_wconf 76' lang='lat' dir='ltr'><strong>pontione</strong></span> <span class='ocrx_word' id='word_1_121' title='bbox 378 2096 505 2181; x_wconf 75' lang='lat' dir='ltr'><strong>petita),</strong></span> <span class='ocrx_word' id='word_1_122' title='bbox 532 2096 631 2161; x_wconf 86' lang='lat' dir='ltr'><strong>modo</strong></span> <span class='ocrx_word' id='word_1_123' title='bbox 659 2091 793 2160; x_wconf 85' lang='lat' dir='ltr'><strong>monitio</strong></span> <span class='ocrx_word' id='word_1_124' title='bbox 815 2091 884 2159; x_wconf 82' lang='lat' dir='ltr'><strong>fieri</strong></span> <span class='ocrx_word' id='word_1_125' title='bbox 903 2093 1004 2182; x_wconf 77' lang='lat' dir='ltr'><strong>possit</strong></span> <span class='ocrx_word' id='word_1_126' title='bbox 1030 2092 1157 2182; x_wconf 81' lang='lat' dir='ltr'><strong>ubsque</strong></span> 
     </span>
     <span class='ocr_line' id='line_1_20' title="bbox 177 2202 561 2284; baseline 0.016 -21"><span class='ocrx_word' id='word_1_127' title='bbox 177 2202 265 2284; x_wconf 76' lang='lat' dir='ltr'><strong>gravi</strong></span> <span class='ocrx_word' id='word_1_128' title='bbox 284 2202 491 2268; x_wconf 76' lang='lat' dir='ltr'><strong>incommodo</strong></span> <span class='ocrx_word' id='word_1_129' title='bbox 503 2203 561 2284; x_wconf 69' lang='lat' dir='ltr'><strong>(ii.</strong></span> 
     </span>
    </p>
   </div>
   <div class='ocr_carea' id='block_1_7' title="bbox 172 2303 1156 2379">
    <p class='ocr_par' dir='ltr' id='par_1_7' title="bbox 172 2303 1259 2379">
     <span class='ocr_line' id='line_1_21' title="bbox 172 2303 1156 2379; baseline 0.01 -12"><span class='ocrx_word' id='word_1_130' title='bbox 172 2375 174 2379; x_wconf 54' lang='grc'>,</span> <span class='ocrx_word' id='word_1_131' title='bbox 222 2303 260 2368; x_wconf 77' lang='lat'><strong>5⁰</strong></span> <span class='ocrx_word' id='word_1_132' title='bbox 281 2307 313 2370; x_wconf 86' lang='lat' dir='ltr'><strong>Si</strong></span> <span class='ocrx_word' id='word_1_133' title='bbox 330 2307 478 2374; x_wconf 80' lang='lat' dir='ltr'><strong>deie&#39;otus</strong></span> <span class='ocrx_word' id='word_1_134' title='bbox 501 2323 647 2376; x_wconf 84' lang='lat' dir='ltr'><strong>versetur</strong></span> <span class='ocrx_word' id='word_1_135' title='bbox 665 2307 746 2374; x_wconf 84' lang='lat' dir='ltr'><strong>oirott</strong></span> <span class='ocrx_word' id='word_1_136' title='bbox 778 2307 1014 2374; x_wconf 74' lang='lat' dir='ltr'><strong>restitutionem</strong></span> <span class='ocrx_word' id='word_1_137' title='bbox 1037 2307 1156 2377; x_wconf 85' lang='lat' dir='ltr'><strong>iooieo·</strong></span> 
     </span>
    </p>
   </div>
   <div class='ocr_carea' id='block_1_8' title="bbox 176 2409 1156 2714">
    <p class='ocr_par' dir='ltr' id='par_1_8' title="bbox 176 2409 1156 2714">
     <span class='ocr_line' id='line_1_22' title="bbox 176 2409 1156 2499; baseline 0.008 -25"><span class='ocrx_word' id='word_1_138' title='bbox 176 2409 250 2474; x_wconf 87' lang='lat' dir='ltr'><strong>danr</strong></span> <span class='ocrx_word' id='word_1_139' title='bbox 268 2431 275 2472; x_wconf 76' lang='grc' dir='ltr'><strong><em>ε</em></strong></span> <span class='ocrx_word' id='word_1_140' title='bbox 296 2413 416 2477; x_wconf 83' lang='lat' dir='ltr'><strong>-vet</strong></span> <span class='ocrx_word' id='word_1_141' title='bbox 440 2415 656 2481; x_wconf 81' lang='lat' dir='ltr'><strong>confessarius</strong></span> <span class='ocrx_word' id='word_1_142' title='bbox 679 2415 880 2499; x_wconf 81' lang='lat' dir='ltr'><strong>dispensarit</strong></span> <span class='ocrx_word' id='word_1_143' title='bbox 904 2419 923 2480; x_wconf 78' lang='lat' dir='ltr'><strong>d</strong></span> <span class='ocrx_word' id='word_1_144' title='bbox 953 2415 1156 2482; x_wconf 81' lang='lat' dir='ltr'><strong>restitutione</strong></span> 
     </span>
     <span class='ocr_line' id='line_1_23' title="bbox 177 2515 1156 2610; baseline 0.008 -30"><span class='ocrx_word' id='word_1_145' title='bbox 177 2515 310 2604; x_wconf 79' lang='lat' dir='ltr'><strong>positive</strong></span> <span class='ocrx_word' id='word_1_146' title='bbox 327 2529 358 2580; x_wconf 89' lang='lat' dir='ltr'><strong>et</strong></span> <span class='ocrx_word' id='word_1_147' title='bbox 375 2537 448 2582; x_wconf 88' lang='lat' dir='ltr'><strong>outo</strong></span> <span class='ocrx_word' id='word_1_148' title='bbox 466 2519 560 2604; x_wconf 75' lang='lat' dir='ltr'><strong>coipd</strong></span> <span class='ocrx_word' id='word_1_149' title='bbox 586 2519 693 2604; x_wconf 81' lang='lat' dir='ltr'><strong>gravi3</strong></span> <span class='ocrx_word' id='word_1_150' title='bbox 720 2521 769 2586; x_wconf 85' lang='lat' dir='ltr'><strong>vei</strong></span> <span class='ocrx_word' id='word_1_151' title='bbox 787 2520 943 2604; x_wconf 73' lang='lat' dir='ltr'><strong>negative,</strong></span> <span class='ocrx_word' id='word_1_152' title='bbox 957 2537 1012 2587; x_wconf 89' lang='lat' dir='ltr'><strong>aut</strong></span> <span class='ocrx_word' id='word_1_153' title='bbox 1027 2523 1156 2610; x_wconf 68' lang='lat' dir='ltr'><strong>positivi</strong></span> 
     </span>
     <span class='ocr_line' id='line_1_24' title="bbox 176 2621 1155 2714; baseline 0.012 -29"><span class='ocrx_word' id='word_1_154' title='bbox 176 2621 322 2710; x_wconf 80' lang='lat' dir='ltr'><strong>quidem,</strong></span> <span class='ocrx_word' id='word_1_155' title='bbox 342 2623 400 2688; x_wconf 88' lang='lat' dir='ltr'><strong>sed</strong></span> <span class='ocrx_word' id='word_1_156' title='bbox 420 2624 544 2710; x_wconf 83' lang='lat' dir='ltr'><strong>absquo</strong></span> <span class='ocrx_word' id='word_1_157' title='bbox 557 2625 650 2712; x_wconf 72' lang='lat' dir='ltr'><strong>eulpa</strong></span> <span class='ocrx_word' id='word_1_158' title='bbox 664 2627 823 2710; x_wconf 76' lang='lat' dir='ltr'><strong>gravi-</strong></span> <span class='ocrx_word' id='word_1_159' title='bbox 834 2627 867 2693; x_wconf 89' lang='lat' dir='ltr'><strong>Si</strong></span> <span class='ocrx_word' id='word_1_160' title='bbox 882 2629 1015 2714; x_wconf 75' lang='lat' dir='ltr'><strong>positive</strong></span> <span class='ocrx_word' id='word_1_161' title='bbox 1026 2643 1066 2695; x_wconf 75' lang='lat' dir='ltr'><strong>&#39;et</strong></span> <span class='ocrx_word' id='word_1_162' title='bbox 1081 2648 1155 2696; x_wconf 86' lang='lat' dir='ltr'><strong>eum</strong></span> 
     </span>
    </p>
   </div>
   <div class='ocr_carea' id='block_1_9' title="bbox 176 2723 1259 2817">
    <p class='ocr_par' dir='ltr' id='par_1_9' title="bbox 176 2723 1259 2817">
     <span class='ocr_line' id='line_1_25' title="bbox 176 2723 1259 2817; baseline 0.005 -19"><span class='ocrx_word' id='word_1_163' title='bbox 176 2729 272 2817; x_wconf 83' lang='lat' dir='ltr'><strong>autpa</strong></span> <span class='ocrx_word' id='word_1_164' title='bbox 287 2730 396 2813; x_wconf 81' lang='lat' dir='ltr'><strong>gravi:</strong></span> <span class='ocrx_word' id='word_1_165' title='bbox 421 2723 638 2798; x_wconf 74' lang='lat' dir='ltr'><strong>confessarius</strong></span> <span class='ocrx_word' id='word_1_166' title='bbox 660 2741 789 2798; x_wconf 86' lang='lat' dir='ltr'><strong>tenetur</strong></span> <span class='ocrx_word' id='word_1_167' title='bbox 815 2753 889 2798; x_wconf 88' lang='lat' dir='ltr'><strong>onor</strong></span> <span class='ocrx_word' id='word_1_168' title='bbox 914 2736 1003 2816; x_wconf 81' lang='lat' dir='ltr'><strong>gravi</strong></span> <span class='ocrx_word' id='word_1_169' title='bbox 1032 2737 1158 2804; x_wconf 86' lang='lat' dir='ltr'><strong>ioeotn·</strong></span> <span class='ocrx_word' id='word_1_170' title='bbox 1258 2723 1259 2726; x_wconf 24' lang='lat'>¹</span> 
     </span>
    </p>
   </div>
   <div class='ocr_carea' id='block_1_10' title="bbox 176 2836 1158 2924">
    <p class='ocr_par' dir='ltr' id='par_1_10' title="bbox 176 2836 1158 2924">
     <span class='ocr_line' id='line_1_26' title="bbox 176 2836 1158 2924; baseline 0.004 -21"><span class='ocrx_word' id='word_1_171' title='bbox 176 2839 274 2921; x_wconf 83' lang='lat' dir='ltr'><strong>ruodo</strong></span> <span class='ocrx_word' id='word_1_172' title='bbox 287 2851 319 2904; x_wconf 86' lang='lat' dir='ltr'><strong>ot</strong></span> <span class='ocrx_word' id='word_1_173' title='bbox 329 2836 496 2924; x_wconf 67' lang='lat' dir='ltr'><strong>exjustitia</strong></span> <span class='ocrx_word' id='word_1_174' title='bbox 511 2841 716 2924; x_wconf 85' lang='lat' dir='ltr'><strong>poeoitentetn</strong></span> <span class='ocrx_word' id='word_1_175' title='bbox 730 2859 863 2907; x_wconf 83' lang='lat' dir='ltr'><strong>monere</strong></span> <span class='ocrx_word' id='word_1_176' title='bbox 880 2840 975 2918; x_wconf 89' lang='lat' dir='ltr'><strong>intra,</strong></span> <span class='ocrx_word' id='word_1_177' title='bbox 996 2841 1044 2906; x_wconf 87' lang='lat' dir='ltr'><strong>vei</strong></span> <span class='ocrx_word' id='word_1_178' title='bbox 1060 2843 1158 2908; x_wconf 88' lang='lat' dir='ltr'><strong>etiarn</strong></span> 
     </span>
    </p>
   </div>
   <div class='ocr_carea' id='block_1_11' title="bbox 177 2944 1259 3024">
    <p class='ocr_par' dir='ltr' id='par_1_11' title="bbox 177 2944 1259 3024">
     <span class='ocr_line' id='line_1_27' title="bbox 177 2944 1259 3024; baseline 0.004 -14"><span class='ocrx_word' id='word_1_179' title='bbox 177 2957 263 3010; x_wconf 83' lang='lat' dir='ltr'><strong>extra</strong></span> <span class='ocrx_word' id='word_1_180' title='bbox 275 2944 531 3022; x_wconf 68' lang='lat' dir='ltr'><strong>consessionem</strong></span> <span class='ocrx_word' id='word_1_181' title='bbox 550 2959 593 3024; x_wconf 87' lang='lat' dir='ltr'><strong>et,</strong></span> <span class='ocrx_word' id='word_1_182' title='bbox 612 2945 638 3012; x_wconf 89' lang='lat' dir='ltr'><strong>si</strong></span> <span class='ocrx_word' id='word_1_183' title='bbox 650 2945 860 3011; x_wconf 87' lang='lat' dir='ltr'><strong>ntonitionetn</strong></span> <span class='ocrx_word' id='word_1_184' title='bbox 870 2947 1008 3024; x_wconf 82' lang='lat' dir='ltr'><strong>omittat,</strong></span> <span class='ocrx_word' id='word_1_185' title='bbox 1029 2957 1159 3014; x_wconf 82' lang='lat' dir='ltr'><strong>tenetur</strong></span> <span class='ocrx_word' id='word_1_186' title='bbox 1258 2991 1259 3000; x_wconf 26' lang='grc' dir='ltr'><strong>κ</strong></span> 
     </span>
    </p>
   </div>
   <div class='ocr_carea' id='block_1_12' title="bbox 175 3048 1160 3346">
    <p class='ocr_par' dir='ltr' id='par_1_12' title="bbox 175 3048 1160 3346">
     <span class='ocr_line' id='line_1_28' title="bbox 175 3048 1158 3136; baseline 0.006 -26"><span class='ocrx_word' id='word_1_187' title='bbox 175 3048 361 3112; x_wconf 86' lang='lat' dir='ltr'><strong>restituere.</strong></span> <span class='ocrx_word' id='word_1_188' title='bbox 375 3049 453 3112; x_wconf 87' lang='lat' dir='ltr'><strong>Nato</strong></span> <span class='ocrx_word' id='word_1_189' title='bbox 464 3048 627 3114; x_wconf 83' lang='lat' dir='ltr'><strong>iuitoausu</strong></span> <span class='ocrx_word' id='word_1_190' title='bbox 645 3049 778 3135; x_wconf 84' lang='lat' dir='ltr'><strong>positivo</strong></span> <span class='ocrx_word' id='word_1_191' title='bbox 795 3050 1158 3136; x_wconf 83' lang='lat' dir='ltr'><strong>etgraviterouipobiiis</strong></span> 
     </span>
     <span class='ocr_line' id='line_1_29' title="bbox 175 3147 1159 3242; baseline 0.01 -30"><span class='ocrx_word' id='word_1_192' title='bbox 175 3147 435 3232; x_wconf 56' lang='lat' dir='ltr'><strong>injustitiae-ui</strong></span> <span class='ocrx_word' id='word_1_193' title='bbox 450 3154 594 3235; x_wconf 79' lang='lat' dir='ltr'><strong>negative</strong></span> <span class='ocrx_word' id='word_1_194' title='bbox 607 3153 730 3218; x_wconf 88' lang='lat' dir='ltr'><strong>iussurtit</strong></span> <span class='ocrx_word' id='word_1_195' title='bbox 743 3177 750 3216; x_wconf 91' lang='lat'><strong>:</strong></span> <span class='ocrx_word' id='word_1_196' title='bbox 764 3169 892 3219; x_wconf 84' lang='lat' dir='ltr'><strong>tenetur</strong></span> <span class='ocrx_word' id='word_1_197' title='bbox 910 3172 1043 3221; x_wconf 85' lang='lat' dir='ltr'><strong>monere</strong></span> <span class='ocrx_word' id='word_1_198' title='bbox 1054 3156 1159 3242; x_wconf 85' lang='lat' dir='ltr'><strong>poeni·</strong></span> 
     </span>
     <span class='ocr_line' id='line_1_30' title="bbox 177 3254 1160 3346; baseline 0.014 -32"><span class='ocrx_word' id='word_1_199' title='bbox 177 3263 295 3314; x_wconf 82' lang='lat' dir='ltr'><strong>tentent</strong></span> <span class='ocrx_word' id='word_1_200' title='bbox 316 3274 354 3318; x_wconf 82' lang='lat' dir='ltr'><strong>ex</strong></span> <span class='ocrx_word' id='word_1_201' title='bbox 375 3254 531 3323; x_wconf 82' lang='lat' dir='ltr'><strong>oitetitate</strong></span> <span class='ocrx_word' id='word_1_202' title='bbox 560 3259 699 3335; x_wconf 82' lang='lat' dir='ltr'><strong>tontdm3</strong></span> <span class='ocrx_word' id='word_1_203' title='bbox 722 3279 759 3323; x_wconf 85' lang='lat' dir='ltr'><strong>ao</strong></span> <span class='ocrx_word' id='word_1_204' title='bbox 779 3259 915 3346; x_wconf 77' lang='lat' dir='ltr'><strong>proinde</strong></span> <span class='ocrx_word' id='word_1_205' title='bbox 939 3281 1005 3326; x_wconf 90' lang='lat' dir='ltr'><strong>oon</strong></span> <span class='ocrx_word' id='word_1_206' title='bbox 1030 3275 1160 3328; x_wconf 87' lang='lat' dir='ltr'><strong>tenetur</strong></span> 
     </span>
    </p>
   </div>
   <div class='ocr_carea' id='block_1_13' title="bbox 27 3421 958 3562">
    <p class='ocr_par' dir='ltr' id='par_1_13' title="bbox 27 3421 958 3562">
     <span class='ocr_line' id='line_1_31' title="bbox 209 3421 958 3506; baseline 0.016 -22"><span class='ocrx_word' id='word_1_207' title='bbox 209 3421 243 3484; x_wconf 77' lang='lat' dir='ltr'><strong>tt)</strong></span> <span class='ocrx_word' id='word_1_208' title='bbox 256 3427 311 3478; x_wconf 81' lang='lat' dir='ltr'><strong>vot.</strong></span> <span class='ocrx_word' id='word_1_209' title='bbox 325 3433 352 3482; x_wconf 91' lang='lat' dir='ltr'><strong>s.</strong></span> <span class='ocrx_word' id='word_1_210' title='bbox 367 3435 422 3498; x_wconf 70' lang='lat' dir='ltr'><strong>ug.</strong></span> <span class='ocrx_word' id='word_1_211' title='bbox 438 3450 464 3486; x_wconf 80' lang='lat' dir='ltr'><strong>a.</strong></span> <span class='ocrx_word' id='word_1_212' title='bbox 478 3437 541 3501; x_wconf 84' lang='lat' dir='ltr'><strong>oto;</strong></span> <span class='ocrx_word' id='word_1_213' title='bbox 559 3441 639 3491; x_wconf 79' lang='lat' dir='ltr'><strong>nom.</strong></span> <span class='ocrx_word' id='word_1_214' title='bbox 654 3453 700 3506; x_wconf 76' lang='lat' dir='ltr'><strong>ap.</strong></span> <span class='ocrx_word' id='word_1_215' title='bbox 716 3447 791 3494; x_wconf 80' lang='lat' dir='ltr'><strong>tract.</strong></span> <span class='ocrx_word' id='word_1_216' title='bbox 807 3443 848 3506; x_wconf 85' lang='lat' dir='ltr'><strong>to,</strong></span> <span class='ocrx_word' id='word_1_217' title='bbox 864 3457 889 3494; x_wconf 84' lang='lat' dir='ltr'><strong>n.</strong></span> <span class='ocrx_word' id='word_1_218' title='bbox 902 3444 958 3496; x_wconf 74' lang='lat' dir='ltr'><strong>tat.</strong></span> 
     </span>
     <span class='ocr_line' id='line_1_32' title="bbox 27 3495 943 3562; baseline 0.014 -7"><span class='ocrx_word' id='word_1_219' title='bbox 27 3527 34 3536; x_wconf 85' lang='lat'><em>·</em></span> <span class='ocrx_word' id='word_1_220' title='bbox 110 3509 113 3513; x_wconf 89' lang='lat'><em>·</em></span> <span class='ocrx_word' id='word_1_221' title='bbox 210 3495 431 3562; x_wconf 60' lang='lat' dir='ltr'><strong>(evauno.</strong></span> <span class='ocrx_word' id='word_1_222' title='bbox 548 3525 550 3528; x_wconf 90' lang='grc'><em>·</em></span> <span class='ocrx_word' id='word_1_223' title='bbox 941 3527 943 3532; x_wconf 96' lang='grc'><strong><em>·</em></strong></span> 
     </span>
    </p>
   </div>
   <div class='ocr_carea' id='block_1_14' title="bbox 0 0 1291 3802">
    <p class='ocr_par' dir='ltr' id='par_1_14' title="bbox 0 0 1291 3802">
     <span class='ocr_line' id='line_1_33' title="bbox 0 0 1291 3802; baseline 0 0"><span class='ocrx_word' id='word_1_224' title='bbox 0 0 1291 3802; x_wconf 95' lang='lat' dir='ltr'><strong> </strong></span> 
     </span>
    </p>
   </div>
  </div>
 </body>
</html>
