2556 3812
528 155 572 164 —
595 116 659 180 575
689 153 727 162 -

1062 199 1113 252 neg.

132 283 261 351 Quarum
277 279 305 334 1ο
323 279 385 334 aliae
404 279 529 348 spectant
542 276 577 331 ad
600 271 800 330 conditionem
814 269 1006 336 confessionis,

208 370 310 437 nemp'e

170 458 205 526 Q.
221 457 247 510 1.
263 455 362 510 Utrum
375 452 560 508 confessarius
583 448 672 521 possit
686 447 842 514 absolvere,
858 446 882 500 si
902 445 1009 500 dubitet

207 545 300 596 utrum
318 541 454 611 penitens
469 539 552 594 tuerit
565 538 697 605 sincerus,
721 535 745 590 si
765 538 856 589 certus
870 533 906 588 sit
919 532 1008 602 poeni-

208 632 314 684 tentem
328 644 385 682 non
401 628 484 682 tuisse
499 624 656 680 sincerum?
691 656 1006 674 ········
1060 616 1115 674 312

172 714 207 782 Q.
218 714 246 768 2.
258 713 356 769 Utrum
371 711 554 767 confessarius
564 710 652 780 possit
666 709 813 763 absolvere
828 707 1008 777 poeuitentem

207 801 254 871 qui
275 801 303 854 in
317 799 491 854 consessione
507 801 577 851 tacet
591 797 625 850 de
648 796 759 851 actione
774 795 894 864 graviter
909 808 1007 863 pecca-

206 889 315 943 minosa
327 889 406 958 juxta
415 887 574 956 opinionem
584 884 756 946 confessarii,
774 881 823 937 sed
832 883 907 935 nulio
923 879 1007 934 modo

206 976 252 1032 vet
269 979 375 1030 tanturn
392 975 491 1029 leviter
505 972 701 1043 peccaminosa
723 970 752 1024 in
775 970 905 1040 opinione
916 967 1007 1038 poeni-

207 1065 307 1118 tentis?
339 1093 1005 1115 ................
1060 1052 1112 1109 313

136 1153 239 1220 Quaest.
256 1152 285 1206 2⁰
300 1153 406 1207 relativ.
418 1151 453 1206 ad
467 1149 642 1206 conditiones
656 1148 839 1218 contritionis,
854 1147 928 1201 firmi
938 1161 1005 1216 pro-

207 1240 290 1310 positi
305 1246 332 1295 et
342 1240 546 1296 satisfactionis:

172 1329 207 1396 Q.
220 1329 246 1383 1.
258 1329 355 1384 Utrum
370 1329 457 1398 possit
469 1329 616 1382 absolvere
624 1327 804 1397 poenitentem
815 1324 863 1396 qui
877 1325 1005 1378 versatur

205 1416 234 1471 in
253 1417 399 1471 occasione
409 1420 455 1470 ant
469 1416 499 1471 in
513 1417 637 1486 periculo
652 1414 799 1485 peccandi?
814 1443 848 1453 -
862 1412 938 1467 Datis
952 1427 1005 1466 uo·

205 1505 326 1561 tionibus
342 1505 377 1561 de
392 1507 539 1560 occasione
554 1509 582 1561 et
595 1505 718 1575 periculo
730 1503 870 1573 peccandi,
880 1501 1006 1556 -sotvi·

205 1595 249 1646 tur
266 1594 394 1662 quaestio,
410 1609 460 1662 pro
475 1593 592 1646 diversis
608 1593 782 1646 occasionum
803 1590 957 1660 speciebus.
981 1628 1004 1642 ..
1041 1587 1108 1642 ibid.

170 1679 205 1748 Q.
221 1678 248 1732 2.
260 1680 358 1735 Utrum
369 1681 553 1734 confessarius
568 1679 656 1748 possit
670 1679 816 1731 absolvere
829 1675 1004 1731 consuetudi·

203 1765 313 1819 narium
328 1771 355 1820 et
369 1766 521 1821 recidivum
529 1765 575 1818 t-
582 1763 659 1817 Datis
671 1763 831 1816 notionibus
841 1763 877 1815 de
887 1777 1003 1816 consue-

207 1854 302 1908 tudine
317 1853 449 1922 pcccandi
474 1857 501 1906 et
524 1852 558 1906 de
570 1850 711 1919 recidivis
728 1879 763 1890 -
776 1850 892 1906 solvitur
905 1853 1002 1919 quaest.

205 1956 257 2010 pro
272 1941 391 1995 diversis
409 1941 583 2010 respectibus
598 1973 1001 1994 ··········
1055 1936 1109 1994 318

169 2029 203 2097 Q.
211 2027 237 2082 3.
254 2029 351 2084 Utrum
360 2028 469 2082 debitor
484 2028 569 2098 possit
578 2027 683 2082 absolvi
698 2029 844 2095 antequam
860 2025 1003 2080 restituat?
1056 2025 1109 2080 320

133 2117 201 2174 Not.
217 2116 347 2183 Quaenam
363 2116 419 2170 sint
437 2116 515 2184 signa
525 2115 743 2171 extraordinaria
756 2114 930 2168 contritionis
946 2150 954 2167 .
994 2151 1002 2167 .
1038 2113 1106 2170 idid.

132 2202 163 2257 2ο
187 2202 328 2270 Principio
352 2202 571 2258 determinantur
589 2219 668 2258 casus
687 2203 716 2256 in
742 2201 841 2271 quibus
864 2201 1001 2255 absolutio

205 2290 690 2347 concedenduestnubconditione.
727 2325 734 2344 ·
772 2326 779 2340 ·
816 2327 822 2340 ·
856 2327 864 2341 ·
992 2326 998 2340 ·
1053 2289 1104 2346 321

116 2377 162 2463 ,3ο
175 2378 315 2447 Principio
324 2378 541 2435 determinantur
556 2397 635 2435 cesus
648 2381 675 2434 in
687 2380 785 2450 quibus
793 2378 944 2434 differenda
958 2381 1001 2434 est
1053 2378 1107 2434 322

131 2467 855 2538 53.-Deobtig.confessariipostnoxdessionem.
896 2506 904 2522 .
943 2506 950 2522 .
989 2505 997 2522 .
1052 2466 1106 2524 323
1185 2453 1187 2458 ’

132 2551 161 2608 1ο
175 2554 309 2623 Deobtig.
325 2554 483 2620 continendi
499 2557 651 2613 desectus.
689 2593 697 2610 .
733 2595 739 2609 .
776 2594 783 2608 .
820 2592 827 2607 .
863 2591 872 2608 .
907 2591 915 2608 .
951 2593 957 2607 .
995 2592 1001 2606 .
1037 2556 1104 2612 ibid.

131 2639 162 2694 fa
176 2641 216 2694 ‘ue
231 2641 408 2698 observanda
421 2645 483 2710 lege
494 2643 578 2712 sigini
599 2680 998 2698 ..........
1052 2645 1105 2701 325

131 2727 779 2806 anneta.neugio-:seperatusabjecto
815 2771 821 2786 .
858 2769 866 2785 ·
899 2770 909 2786 .
946 2771 954 2784 .
989 2769 996 2785 .
1051 2733 1104 2790 329

131 2811 160 2866 id
174 2813 314 2884 Principio
330 2818 505 2884 otazz·i:·rr,-
513 2820 700 2888 receptionem
708 2838 822 2877 sacrem.
835 2823 934 2893 poenit.
944 2838 999 2878 ne·

200 2904 351 2957 censorias
370 2909 545 2972 escam-trin
559 2909 724 2965 necessitate
738 2911 937 2978 medii‚-tum
950 2927 999 2966 ne·

200 2992 332 3046 castitate
345 2995 476 3064 pst->cepti
488 2994 582 3060 divini,
593 3024 627 3034 —
642 2997 767 3052 carnibus
782 3002 809 3053 et
818 2998 885 3053 notis
902 2999 997 3054 chris-

199 3077 281 3132 tianin
295 3079 411 3134 rationis
425 3099 474 3136 usn
484 3084 740 3154 fruentibus-qui
754 3090 817 3154 post
831 3086 997 3156 baptismum

198 3168 343 3234 peccatum
357 3169 473 3223 mos-{nte
488 3170 693 3226 commiserunt.
706 3171 818 3242 (Ultimo
832 3173 896 3229 loco
905 3174 997 3242 agitur
1061 3207 1063 3212 ,

198 3249 599 3327 dereriosioneronanam).
636 3293 643 3308 .
679 3295 686 3309 .
723 3293 730 3310 .
767 3298 773 3309 .
810 3297 817 3312 .
854 3298 861 3312 .
898 3299 905 3314 .
942 3298 949 3314 .
988 3301 995 3314 ,
1031 3241 1099 3322 epia

126 3337 157 3392 2⁰
170 3336 309 3408 princiPio
325 3337 543 3402 determinantur
555 3343 726 3402 conditiones
744 3349 888 3406 servande
901 3351 937 3407 ad
950 3352 994 3408 di·

199 3441 280 3494 guam
294 3427 484 3497 receptionem
498 3433 664 3497 sacramenti
679 3471 991 3492 ........
1046 3440 1099 3499 334
