2572 3802
616 129 813 196 496-

224 275 342 343 sullieit
368 275 429 341 ltoo
453 273 587 340 terltum
613 271 767 350 Absolve,
793 271 842 337 vel
872 271 940 358 Epo
970 269 1123 353 ebroico,
1150 277 1200 342 setl

223 384 400 472 requiritur
417 393 451 447 ut
467 381 620 448 sacerdos
637 379 736 446 addat
752 391 793 458 te,
813 369 988 465 designans
1006 380 1198 468 subjectum,
1260 375 1261 390 ³

220 505 252 560 et
265 493 286 555 d
300 490 441 576 potentie
454 489 528 564 teir,
545 487 718 572 designans
737 487 921 554 materiam.

265 599 388 681 Negant
424 595 556 684 quidam
579 591 720 678 theologi
741 593 1001 678 designationem
1023 595 1203 681 explicitam

218 702 367 791 subjecti,
389 715 421 769 et
448 702 558 790 plures
580 699 836 785 designationem
855 699 1039 788 explicitam
1057 705 1200 770 materie

219 833 290 878 csse
305 811 533 889 neeessariam,
553 809 627 896 quia
642 809 711 874 lucc
728 796 1003 874 duostillicienter
1019 811 1203 897 exprimun-

220 933 273 984 tur
289 917 626 1008 percireumstautias.
643 914 722 981 cen
737 915 824 979 enim
836 911 998 981 absolutio
1009 919 1204 985 concedatur
1260 973 1261 976 ,

221 1035 293 1113 post
310 1025 424 1092 iactatu
439 1035 644 1112 peecatorum
659 1022 912 1100 accusationem,
932 1033 964 1086 et
984 1022 1150 1108 dirigatur
1169 1023 1203 1089 ad

221 1134 445 1222 poenitentem,
464 1129 539 1196 satis
552 1129 739 1214 designatur
753 1128 884 1194 materia
899 1141 930 1195 et
946 1128 1136 1216 subjeetum
1154 1129 1204 1197 ab·

220 1225 405 1310 solutionis,
418 1240 493 1306 otiis
505 1247 581 1304 vero
597 1239 756 1322 theologis
773 1237 1010 1304 affirmantibus
1034 1241 1207 1308 necessita·

222 1345 286 1413 terrt
305 1347 535 1430 designationis
549 1345 718 1432 explicitae,
738 1344 819 1434 quia
835 1345 929 1428 socias
942 1345 1206 1442 absolutio‘esset

221 1453 484 1530 indeternriuata3
501 1452 639 1539 practici
652 1451 831 1520 necessaria
847 1465 893 1518 est
910 1450 1094 1536 designatio
1110 1455 1205 1543 expli·
1260 1493 1261 1524 3

221 1561 280 1626 cita
296 1556 437 1648 *subjecti
455 1571 487 1639 et
503 1559 660 1625 materiae.
679 1559 763 1643 Quia
775 1559 805 1627 in
819 1559 969 1654 praesenti
980 1563 1206 1629 ‹eorttroversit

220 1667 413 1758 quaestioest
428 1667 468 1734 de
479 1663 780 1746 inlitteratum,
792 1687 828 1734 ae
842 1665 1030 1754 proinddde
1045 1667 1207 1736 validitate

220 1777 411 1843 sacramenti
425 1799 432 1853 ;
449 1793 544 1864 porro
559 1775 590 1840 in
605 1773 838 1862 quaestiouibus
853 1767 1042 1861 hujusmodi
1063 1797 1142 1864 pars
1160 1791 1207 1842 tu·

222 1883 284 1948 tior
300 1895 348 1947 est
360 1882 507 1965 eligenda
522 1881 577 1963 (l).
660 1954 662 1960 ¹

130 2025 158 2048 -.
265 1987 301 2052 4³
318 1989 418 2054 Contl.
443 1987 691 2075 linquit-iterat
715 1982 876 2051 absolutio
900 1994 1119 2074 postponatur
1137 1987 1209 2054 aeti·
1260 1965 1261 1970 ἵ

221 2093 283 2162 hus
298 2095 483 2182 poenitentis
502 2094 666 2160 moraliter
680 2090 974 2180 perseverantibus.
985 2093 1208 2161 -dlrsolutio
1260 2129 1261 2134 κ

223 2214 435 2292 postponatur
459 2201 585 2268 actibus
612 2201 816 2290 paenitentis:
847 2221 920 2264 nam
938 2199 1040 2266 torma
1065 2223 1209 2290 praesup-

136 2318 138 2324 ’
222 2303 1209 2394 ponitmateriam,quatndeterminatetperfieit.‘lloraliter
1254 2327 1261 2342 ·

223 2412 523 2499 perseverantibus:
550 2411 708 2500 alloquio,
740 2433 804 2478 non
823 2425 908 2480 esset
932 2413 1009 2478 unio
1037 2413 1210 2480 sufficiens
1260 2435 1261 2438 ¹

113 2581 115 2584 .
224 2519 306 2606 iuter
319 2518 486 2598 materiam
501 2532 531 2584 et
547 2518 697 2611 sormam.

206 2683 208 2685 ,
228 2607 233 2690 f
266 2623 363 2690 dctus
374 2637 482 2692 antem
494 2627 676 2713 percellentis
693 2634 898 2714 perseverant
911 2625 1087 2707 moraliter,
1101 2629 1130 2694 si
1143 2649 1210 2694 non

166 2816 171 2831 ,
222 2729 342 2796 luerint
355 2733 516 2796 retractati
535 2732 687 2820 explicite
699 2740 755 2797 aut
778 2732 933 2820 implicite
955 2755 1013 2822 per
1034 2749 1212 2821 peecatum

221 2827 377 2922 mortale,
391 2841 531 2918 neesint
544 2841 681 2932 longiori
697 2855 842 2928 tempore
852 2842 1058 2908 distanteselr
1072 2842 1214 2910 absolu·
1260 2861 1261 2864 ’

221 2947 323 3027 tione,
351 2946 383 3026 id
412 2959 479 3026 est,
503 2946 594 3034 juxta
620 2947 801 3035 quosdam,
830 2948 913 3016 ultra
935 2949 1076 3037 spatium
1109 2952 1213 3018 unius

222 3053 300 3116 dici.

133 3281 135 3285 ’
244 3274 287 3338 tu
307 3277 361 3325 tro.
378 3277 484 3340 strare,
496 3280 565 3342 ‚orn¹
588 3281 627 3342 to,
642 3288 707 3332 seor.
724 3283 749 3346 t,
764 3297 792 3334 n.
810 3285 894 3346 toas.
906 3284 999 3349 uren.
1020 3286 1080 3351 tao,
1100 3293 1156 3340 etc.
