2538 3810
593 122 793 188 *ltu-o

531 290 717 347 'Prolata'orter
729 296 842 346 diruetur.

246 439 412 512 eretria.
431 443 513 530 Arp.
530 445 625 512 tlreol.
646 444 677 510 st
700 445 733 510 S.
747 442 893 510 Pontifex
908 445 1013 513 errori
1028 449 1190 518 obnoxius

203 565 305 632 osset,
325 551 395 638 ejus
417 551 597 618 decisiones
620 550 787 616 reformari
805 559 948 640 possent.
968 555 1067 622 Porro
1085 558 1190 624 reior-

203 655 285 724 ntari
302 669 480 744 nequeunt.
499 658 595 742 Ergo.

248 755 425 834 Reformari
450 776 616 852 nequeunt
633 762 814 828 decisiones
828 763 1012 829 pontilicis:
1031 767 1118 854 Quia
1151 769 1188 832 l⁰

203 871 236 938 in
254 869 343 938 nulla
358 872 510 940 societate
525 868 647 938 subditi
665 868 722 956 jus
741 868 861 934 habent
881 869 1082 938 reformandi
1110 896 1187 940 sen-

202 977 319 1046 tentias
334 977 446 1066 capitis
458 999 466 1055 ;
480 976 631 1044 asertiori
642 987 810 1062 nequeunt
830 975 998 1041 reformari
1014 981 1188 1048 sententiae
1256 961 1257 966 ἵ

203 1081 382 1160 Ponttttcis,
402 1081 458 1170 qui
474 1081 637 1148 voluntate
655 1081 770 1150 Christi
783 1102 973 1169 supremum
989 1084 1187 1170 constitutus

203 1201 252 1256 est
293 1187 441 1256 Ecclesiae
472 1201 579 1275 caput.
607 1188 688 1272 Quia
717 1189 754 1253 2⁰
779 1180 997 1258 ut'Pontifieis
1019 1192 1189 1258 sententiae

209 1291 377 1360 reformari
395 1293 536 1383 possint,
556 1294 737 1362 necessaria
766 1307 814 1361 est
843 1296 994 1381 q‘uaedam
1014 1297 1187 1366 auctoritas

203 1399 351 1490 superior
380 1401 542 1481 Pontifici,
574 1413 605 1468 et
630 1401 799 1468 adversam
829 1412 943 1476 tenens
969 1397 1182 1474 sententiaro:

203 1508 339 1577 sienim
365 1509 518 1596 praedicta
549 1507 722 1577 auctoritas
753 1508 795 1574 sil
817 1507 963 1594 inferior,
986 1511 1112 1576 nullum
1130 1511 1187 1598 jus
1256 1515 1257 1522 ’

202 1613 301 1680 habet
317 1626 465 1702 respectu
485 1615 660 1702 superioris
672 1636 681 1694 3
702 1626 745 1693 et,
768 1614 795 1680 si
812 1615 962 1684 eamdem
983 1624 1088 1684 teneat
1109 1639 1186 1684 sen·

203 1721 357 1798 tentiam,
371 1718 439 1805 j‘am
465 1724 541 1786 non'
556 1719 649 1786 locus
670 1728 718 1786 est
737 1721 948 1788 reformandi.
973 1725 1071 1791 Porro
1095 1725 1185 1793 nulla
1256 1731 1257 1736 ’

202 1826 308 1892 existit
323 1825 495 1892 auctoritas
522 1839 721 1915 competens.
745 1828 779 1894 Si
795 1828 947 1916 quaedam
972 1831 1115 1910 adesset,
1132 1833 1186 1899 vel

202 1930 343 1999 Ecclesia
360 1931 522 2021 dispersa,
541 1932 592 2000 vel
610 1932 789 2002 Concilium
801 1935 965 2018 generale.
983 1935 1107 2022 Atqui„
1119 1959 1182 2004 nec
1256 1933 1257 1968 ²

204 2037 343 2118 Ecclesia
361 2039 527 2128 dispersa:
546 2043 620 2106 curn
638 2041 758 2108 decisio
777 2041 927 2110 Ecclesiae
944 2042 1185 2130 dispersaenon

203 2145 244 2213 sit
266 2144 443 2212 infallibilis
468 2145 591 2232 absque
608 2145 828 2233 propositione
841 2155 895 2212 act
912 2148 1130 2236 acceptatione
1146 2149 1183 2215 S.
1256 2183 1257 2218 t

202 2251 378 2318 Pontificls.
393 2249 457 2314 Nec
476 2249 837 2336 Conciliumgeneralee
856 2257 931 2318 curn
960 2251 1030 2337 ejus
1052 2255 1185 2321 decreta
1256 2247 1257 2262 ³

204 2353 435 2440 irrefragabilia
453 2375 518 2420 non
530 2356 735 2430 sintabsente
752 2357 1184 2436 confirmationesontificts.

152 2517 153 2521 ,
205 2461 287 2548 Ergo
300 2464 357 2544 (l).
934 2531 935 2534 ,

247 2568 385 2654 Aliunde
401 2571 485 2640 lacto
510 2584 633 2640 constat
654 2572 693 2638 ll.
718 2573 891 2658 Pontifices
904 2593 943 2638 cx
967 2572 1120 2640 catlredra
1140 2572 1185 2638 lo·
1256 2565 1257 2568 '

205 2688 295 2744 culos
312 2685 480 2766 nunquam
504 2685 629 2746 errasse
652 2681 735 2746 circa
753 2680 864 2746 tidem.
888 2682 989 2746 Porro
1014 2686 1078 2744 tarn
1094 2698 1186 2743 noos-

202 2791 275 2852 tans
289 2805 373 2851 verae
390 2785 465 2852 lialei
486 2785 694 2873 praedicatio,
714 2807 787 2874 quae
811 2787 843 2852 in
860 2785 950 2852 nulla
966 2785 1028 2851 alia
1044 2783 1189 2860 Ecclesia
1256 2869 1257 2872 Ἴ

238 2998 274 3066 (l)
287 3001 412 3057 constans
426 3005 467 3052 est
483 3001 668 3056 catholicorum
682 3001 814 3065 persuasio
828 3012 905 3064 posse
919 2999 1004 3066 errori
1015 2997 1188 3048 succumbere

204 3081 327 3140 coculla,
345 3083 508 3150 quantumvis
530 3093 677 3143 numerosa,
695 3081 745 3131 nisi
759 3080 946 3144 approbatione
970 3078 1085 3141 supremi
1107 3077 1187 3127 totius

205 3161 327 3212 Ecclesiae
341 3161 431 3223 capitis
444 3174 475 3210 ao
495 3159 566 3211 Petri
580 3153 738 3210 successoris
765 3160 922 3220 muniantur,
940 3149 983 3208 ¹cui
997 3157 1116 3208 Christus
1131 3157 1188 3220 ipse

206 3238 342 3300 promisit:
357 3241 443 3300 super
461 3239 531 3288 hanc
552 3239 660 3300 petrone
679 3237 997 3302 cuneolosssclcatum
1012 3242 1040 3288 et
1053 3241 1189 3299 procerte

207 3316 334 3366 asseruit:
347 3321 405 3376 Eoo
419 3319 516 3378 coaevi
526 3329 578 3378 pro
593 3319 634 3375 te;
648 3329 696 3366 nee
710 3316 867 3368 sufficienter.
881 3315 955 3366 adest
968 3321 1049 3368 totum
1065 3315 1189 3366 Ecclesiae

209 3405 318 3454 corpas,v
329 3395 351 3442 si
365 3393 470 3459 reliquis
483 3393 616 3458 membris
626 3401 702 3454 eaput
715 3393 798 3456 ipsum
813 3407 863 3444 non
877 3399 1014 3447 concurrat
1031 3407 1080 3445 nec
1095 3391 1189 3446 suffra-

211 3472 296 3532 getur.
312 3471 452 3520 calcerus·
467 3471 601 3524 Neritia...
617 3471 702 3522 eccles.
712 3473 820 3535 crecta,
834 3473 907 3546 trist„
933 3471 936 3474 ’
1034 3471 1037 3476 ’
1072 3493 1076 3501 ’
