2556 3812
589 135 634 150 ...
659 99 790 168 106...

202 242 244 312 ad
259 259 333 330 qnae
349 236 497 330 capitella
523 253 579 308 ant
605 239 760 328 implicite
782 256 839 328 per
870 238 1122 308 conventionem
1152 263 1189 310 se

201 348 367 436 obligavit,
381 347 448 415 site
463 347 572 434 quoad
605 346 856 414 celebrationem
870 357 905 412 et
931 345 1187 434 applicationem

201 457 332 538 missac,
357 458 424 523 sive
445 455 554 544 quoad
577 453 834 522 circumstantius
858 451 1104 520 celebrationis.
1139 511 1161 524 .,

246 563 348 630 Prob.
358 561 543 650 Siquidem,
557 559 660 648 posita
671 567 746 626 vert
756 560 983 649 promissione,
995 560 1096 628 eliam
1105 583 1185 647 gra·

167 693 175 706 ·
203 670 295 754 inita,
314 669 363 737 vei
385 679 549 757 acceptato
572 665 745 755 stipendio,
764 678 822 732 aut
837 665 998 733 beneflcio
1021 688 1186 738 annexam

204 937 282 990 etiam
296 935 359 988 iliud
372 949 423 987 non
438 935 524 1002 exigat
537 935 602 986 ultra
620 933 778 985 taxationem
795 909 827 984 ais
842 932 969 998 Episcopo
984 933 1025 986 vel
1039 943 1186 989 consuetu-

204 1019 265 1072 dine
279 1019 484 1073 determinatam.

236 1111 266 1164 2⁰
292 1109 417 1162 Sacerdos
444 1115 530 1173 potest
550 1107 669 1172 accipere
696 1107 859 1173 pingniorem
878 1109 1068 1174 eleemosynam
1094 1112 1187 1176 sponte

204 1195 328 1256 oblatam,
343 1191 420 1244 modu
434 1191 531 1242 oblatio
546 1191 583 1242 sit
593 1191 761 1255 premanere
776 1197 803 1244 et
816 1192 968 1247 absitdotus
982 1199 1026 1244 aut
1039 1195 1188 1258 quodcum-

206 1289 257 1342 que
273 1281 376 1340 pactum
389 1274 468 1332 etiam
482 1273 644 1336 implicitum.
665 1275 729 1324 item
743 1274 846 1338 exigere
861 1279 949 1340 potest
964 1277 1124 1340 stipendium
1140 1291 1188 1328 ex·

205 1357 301 1408 cedens
315 1355 482 1417 ordinarium,
497 1355 596 1406 ratione
611 1369 692 1419 poenae
705 1355 923 1419 extraordinarie,
940 1372 965 1406 r.
980 1373 1006 1423 g.
1022 1357 1045 1408 si
1062 1359 1096 1408 ad
1115 1360 1189 1411 ceie-

205 1438 330 1490 brandam
343 1437 449 1488 missam
463 1438 490 1487 in
509 1438 604 1489 sacello
621 1438 670 1502 piae
692 1439 907 1503 peregrinationis
926 1439 977 1490 iter
990 1441 1188 1504 suscipiendum

203 1527 274 1573 osset
286 1520 410 1574 arduenna
425 1520 503 1572 etiam
516 1521 543 1572 iu
565 1521 622 1572 istis
636 1521 761 1581 casibus,
781 1521 940 1574 attendenda
950 1541 952 1548 >
963 1529 1005 1576 est
1025 1525 1188 1578 consuetudo

237 1698 266 1750 3⁰
283 1695 409 1750 Sacerdos
427 1696 532 1762 quidem
554 1697 754 1766 potestuuilum
772 1701 816 1746 aut
834 1696 922 1748 minus
942 1696 1011 1762 justo
1029 1697 1186 1762 stipendium

205 1775 310 1846 exigere
324 1790 370 1842 pro
385 1777 538 1830 celebranda
552 1777 638 1828 missa.
658 1777 820 1842 Regulariter
846 1784 932 1829 antem
952 1792 1004 1828 uon
1022 1780 1133 1843 „expedit
1157 1787 1186 1832 nt

206 1855 363 1926 ¹stipendium
377 1859 485 1912 inierlns
502 1860 560 1910 taxa
578 1859 695 1923 accipiat,
714 1859 748 1909 ob
766 1859 854 1923 1111111
871 1873 918 1923 pro
933 1857 990 1910 uiiis'
1007 1861 1187 1914 sacerdotibus

121 1987 123 1994 .
202 1946 332 1996 nascitura
340 1943 518 1997 incommoda:
532 1942 584 1994 imo
595 1943 733 2006 episcopus
745 1941 808 2008 iliud
822 1943 1066 2008 mohibenepotest,
1076 1948 1112 1998 —S.
1123 1948 1185 2008 111.

203 2041 232 2083 tt.
247 2029 384 2090 1111111.
400 2030 426 2080 5.
445 2027 563 2078 Graviter
580 2025 792 2089 reprehensibilis
809 2033 880 2077 esset
892 2027 991 2092 ,agendi
1007 2028 1074 2078 ratio
1091 2041 1185 2080 sacer-

203 2109 292 2162 dotum
305 2111 350 2174 qui
363 2124 392 2160 se
406 2110 551 2173 preberent
564 2110 686 2172 tauquam
700 2108 793 2158 minori
810 2109 940 2172 stipendio
958 2111 1135 2170 celebrantes.
1153 2111 1185 2164 ad

204 2191 373 2242 obtinendum
390 2189 569 2240 numerosiora
585 2189 728 2252 stipendia:
745 2195 780 2251 et,
799 2201 832 2240 ex
848 2191 875 2240 S.
893 2190 922 2242 C.
941 2192 970 2242 G.
991 2193 1022 2243 16
1043 2192 1091 2256 ini.
1108 2195 1183 2257 1669,

202 2272 339 2336 episcopus
351 2281 410 2320 eam
425 2275 513 2336 potest
527 2271 665 2333 prohibere
682 2271 731 2322 suls
745 2271 830 2335 aliqua
847 2273 931 2336 prena.
986 2286 991 2290 ·

145 2417 146 2420 1
205 2377 209 2384 ·
235 2363 265 2412 11
279 2361 396 2415 thuiter
408 2361 527 2415 illinitum
540 2368 582 2414 est
592 2362 695 2414 missam
710 2376 756 2426 per
764 2363 979 2428 'audcipationem
993 2365 1129 2424 celebrare
1138 2381 1184 2431 pro

202 2445 287 2510 primo
301 2444 459 2509 stipendium
476 2445 610 2496 offerente.
630 2445 760 2512 Siquidem
778 2446 896 2498 Clemens
913 2447 980 2510 Viil,
999 2449 1073 2514 cujus
1091 2449 1185 2501 decre·

204 2537 259 2584 tum
273 2529 443 2596 promulgavit
456 2529 549 2581 Paulus
563 2530 592 2591 V,
615 2531 647 2579 15
661 2543 721 2580 nov.
741 2531 816 2592 1665,
839 2531 905 2581 hanc
931 2533 1029 2594 praxim
1053 2534 1185 2596 prohibuit

204 2619 337 2678 tunquam
349 2615 475 2678 pluribus
489 2614 646 2665 nominibus
658 2614 848 2677 perlectorum,
858 2615 978 2678 fidelium
991 2618 1130 2668 scandulis
1144 2619 1186 2668 oe

203 2701 328 2760 coctum,
343 2700 423 2760 utque
436 2693 454 2748 ὰ
465 2681 568 2747 batuto
582 2697 706 2747 Ecclesia
719 2706 793 2747 more
806 2699 1118 2751 otmtcmuucrrentem.
1132 2699 1184 2750 imi

201 2782 277 2834 111111
289 2781 395 2842 dubium
410 2786 451 2832 est
467 2780 553 2831 utrum
569 2779 627 2830 talis
641 2779 776 2850 applicatio
792 2780 877 2832 missae
893 2780 986 2844 valeat,
1005 2782 1068 2832 cim
1090 2783 1183 2846 sapius

204 2864 322 2923 accidere
348 2863 432 2926 possit
445 2862 571 2912 rationem
589 2875 636 2912 seu
662 2875 765 2912 cansam
779 2863 928 2913 intentionis
942 2864 1056 2914 norrdirm
1073 2866 1184 2916 existere

204 2961 238 2998 ex
255 2954 327 3010 parte
342 2944 411 2996 iliius
425 2945 469 3009 qui
483 2943 638 3009 stipendium
653 2937 734 3008 dabit,
753 2953 780 2996 et
793 2947 895 2998 aliunde
917 2947 989 2998 vaide
1007 2950 1134 3000 incertum
1151 2949 1184 2999 sit

204 3030 291 3078 nuum
304 3028 422 3078 minister
436 3027 556 3080 effectum
570 3027 690 3078 sacrificii
707 3029 864 3093 suspendere
878 3036 966 3094 queat.
977 3055 1012 3070 -
1022 3031 1152 3093 Attamen,
1163 3031 1185 3081 si

201 3119 279 3159 eausa
293 3109 471 3172 applicationis
483 3111 536 3174 jam
550 3109 1069 3176 1111111111.111111111601111111111
1092 3115 1183 3166 missas

202 3199 250 3248 pru
262 3189 307 3236 tali
321 3188 441 3239 deiuncto
456 3192 506 3240 sibi
520 3192 686 3254 postulandas
703 3191 768 3252 lore,
784 3194 879 3258 poterit
893 3207 949 3258 eas,
969 3203 1109 3259 antequam
1124 3209 1182 3260 pos-

203 3265 327 3327 tulentur,
342 3267 445 3331 offerre,
469 3277 496 3322 et
513 3271 652 3336 deinceps
650 3273 817 3337 stipendium
844 3278 987 3342 percipere.
1003 3278 1103 3328 vids.
1127 3277 1182 3344 Lig.

202 3355 232 3390 a
239 3345 406 3409 1111061111,
421 3349 436 3400 1
451 3365 476 3413 p
491 3354 523 3402 de
533 3355 636 3416 suerri
652 3369 708 3418 cap.
722 3358 752 3419 n,
770 3359 1056 3423 1111111116ςῦ
1071 3359 1183 3412 ilichau·
1253 3373 1254 3442 1

155 3425 157 3428 ·
204 3418 281 3481 duaa,
296 3425 424 3477 1111111111
438 3430 519 3482 trare
532 3436 576 3486 des
586 3437 635 3488 66
650 3439 731 3499 111111.
748 3439 824 3502 clrap.
840 3441 882 3505 11,
898 3454 925 3492 n
939 3443 986 3492 11.
