2556 3812
522 117 720 182 -177--

118 235 1095 342 Peter·exclesiamitcm'probabilibsomissiocommunionis,

116 365 193 451 qaia
211 364 397 428 communio
420 371 466 426 est
480 364 724 448 porsintcgralis
753 364 899 429 sacrificii
912 367 967 447 (l).

167 471 200 534 ἱ).
221 470 323 534 blissae
341 453 490 555 ejusdem
510 471 702 534 sacerdotis:
722 471 796 556 quia
812 457 932 536 oblatio
949 471 1100 538 sacrificii

121 591 167 643 est
186 577 268 640 actio
287 598 369 652 nna,
397 577 533 661 proinde
558 577 693 662 requirit
719 577 873 652 unitatem
896 578 1102 643 ministri.—

120 683 214 748 Unde
230 684 259 746 l.
274 695 434 767 praecepto
452 703 514 747 non
534 683 694 758 satislacit‚
717 685 771 769 qui
796 684 892 749 simul
911 682 1001 750 audit
1018 685 1099 750 duas

120 790 236 854 missos
261 789 455 866 dimidiatas,
484 802 516 852 nt
534 803 656 855 constat
673 811 709 854 ex
736 791 966 875 propositione,
987 811 1020 856 n.
1042 788 1098 869 55,
1155 857 1160 860 ,
1215 809 1217 813 ”

121 895 272 958 damnata
295 892 335 956 ab
362 880 547 957 lnnnecntio
572 893 625 968 xl,
647 894 668 957 ἱ)
691 906 785 958 marl.
812 893 908 960 1679':
935 895 1101 982 Satisfecit

118 1011 281 1084 precepto
304 999 452 1064 Ecclesiae
476 1002 514 1064 dc
534 1001 697 1064 audiendo
724 1021 832 1090 sacro,
852 1003 908 1086 qni
924 1003 993 1084 ejus
1017 1004 1101 1070 daos

117 1089 243 1190 portos,
261 1109 325 1170 imo
343 1117 494 1189 caratam,
511 1109 638 1171 simeln
654 1105 793 1171 (liversis
813 1089 1033 1174 sacerdotibus
1052 1130 1101 1174 ce·

121 1210 321 1276 lebrantilnrs
331 1214 434 1276 coelic.
447 1213 480 1276 2.
493 1215 587 1290 ltem,
598 1213 692 1295 longe
705 1211 917 1299 probabilitas,
931 1236 995 1280 non
1010 1216 1101 1280 satis-

122 1317 194 1382 lacit
214 1318 268 1401 qui
287 1339 383 1382 unani
396 1319 524 1382 arissam
549 1311 640 1383 audit
656 1339 758 1406 usque
775 1320 813 1384 ad
826 1317 1101 1386 consecrationem

121 1423 290 1504 inclusive,
303 1437 336 1496 et
356 1423 488 1488 alteram
504 1429 520 1489 b
538 1425 779 1491 consecratione
798 1427 837 1490 ad
860 1425 980 1505 finem;
1000 1427 1101 1514 siqui-

121 1531 198 1593 dem
222 1549 290 1592 non
315 1529 432 1594 assistit
449 1529 529 1616 parti
552 1530 711 1595 essentiali
737 1545 768 1596 et
796 1529 964 1615 integranti
994 1533 1101 1598 missae

121 1633 269 1720 ejusdcm
295 1628 445 1699 ministri.
474 1635 506 1700 5.
536 1635 748 1701 probabiliter
772 1639 915 1714 vero‚'ob
940 1638 1100 1704 rationem

118 1739 327 1817 contrariam,
341 1741 492 1806 satisfacit
509 1750 669 1827 praecepto
684 1741 739 1827 qui
754 1731 843 1806 audit
861 1743 990 1808 missam
1002 1743 1099 1808 unius

120 1845 299 1911 sacerdotis
317 1849 476 1932 usquead
496 1847 770 1916 consecrationem
788 1847 960 1922 exclusive,
976 1860 1006 1911 et
1019 1845 1101 1912 alte·
1122 1915 1123 1918 ,

122 1953 191 2018 rius
208 1953 413 2018 sacerdotisb
432 1953 676 2019 consecratione
693 1973 797 2036 usque
818 1955 857 2017 ad
872 1952 969 2017 linem
983 1953 1038 2033 (ἢ).

166 2059 242 2149 Not.
262 2059 326 2140 Qui
343 2082 406 2126 non
424 2061 551 2125 advenit
574 2063 590 2124 a
613 2058 770 2144 principio
801 2058 907 2123 missae
929 2077 988 2121 nec
1010 2056 1101 2120 dein·

121 2185 198 2251 ceps
211 2163 343 2230 alteram
362 2166 491 2231 missam
516 2165 630 2231 audire
653 2178 768 2250 potest,
790 2177 917 2228 tenetur
943 2162 1101 2248 reliquam

122 2270 231 2335 missae
244 2285 365 2355 partem
380 2271 505 2346 audire,
521 2271 546 2335 si
568 2269 695 2336 advenit
713 2282 786 2334 ante
810 2269 1099 2334 consecrationem.

122 2377 237 2453 Socim,
250 2375 338 2461 juxto
358 2377 610 2463 probabiliorem
624 2377 827 2454 sententiam,
844 2376 870 2442 si
886 2377 1015 2443 advenit
1031 2388 1103 2462 post

123 2481 415 2558 consecrationem
444 2483 517 2567 qnia
548 2503 586 2547 eo
607 2483 676 2569 ipso
706 2483 793 2567 qood
821 2505 885 2547 non
922 2481 1103 2548 interfuerit

123 2587 205 2674 parti
222 2588 383 2652 essentiali
406 2590 524 2667 missae,
539 2587 608 2674 jbm
627 2611 690 2654 non
705 2602 808 2674 potest
825 2588 1003 2688 adimnlcre
1019 2607 1102 2672 prae·
1203 2645 1205 2650 .

122 2701 264 2779 ceptum.
298 2693 497 2760 Contrariam
541 2695 754 2760 nibilominirs
780 2694 971 2758 sententiam
1011 2692 1103 2758 valde

122 2799 324 2886 probabilem
340 2814 370 2864 ct
389 2801 528 2888 inpraxi
545 2800 718 2866 tenendam
734 2799 811 2863 dicit
831 2800 863 2863 S.
888 2798 971 2881 Ltg„
987 2801 1023 2861 eb
1041 2796 1102 2860 sci·
1168 2800 1172 2811 '
1205 2793 1207 2796 ’

121 2907 197 2971 licet
222 2907 358 2985 ratione,
379 2908 451 2993 qnia
475 2921 550 2972 tunc
565 2906 659 2973 etiam
677 2904 780 2968 auditi
794 2917 902 2989 potest
919 2926 991 2992 pars
1010 2913 1100 2968 nota-

122 3012 197 3078 bilis
214 3014 416 3079 caeremonim
435 3013 475 3078 ab
489 3011 632 3078 Ecclesia
649 3017 818 3098 praeceptae
836 3009 891 3090 (5).

157 3201 196 3264 (l)
211 3202 268 3251 vio.
284 3201 310 3254 s.
329 3203 386 3267 Lig.
401 3219 427 3253 n.
442 3204 506 3256 510.
546 3239 549 3242 -

158 3289 193 3350 (ὑὶ)
210 3289 271 3338 toto.
291 3304 317 3338 n.
333 3291 392 3340 511.
412 3290 634 3358 calemannus.
652 3292 737 3356 Alph„
755 3303 845 3341 amires
862 3289 1017 3340 conveniant
1035 3287 1103 3350 quoa

121 3369 168 3433 qni
182 3368 238 3418 sine
250 3369 319 3431 jrrstt
332 3371 409 3420 cansa
424 3371 487 3419 duas
502 3368 599 3420 medias
613 3372 705 3423 missas
719 3373 756 3422 sic
771 3371 880 3432 audiret,
892 3367 1047 3419 nullomodo
1062 3381 1105 3417 cs·

121 3452 260 3502 cosmetur
277 3454 367 3504 saltem
385 3454 512 3516 apoccato
527 3453 628 3504 veniali.

159 3537 194 3601 (o)
212 3537 239 3587 S.
256 3537 312 3600 big.
327 3550 352 3584 n.
369 3535 428 3593 stt),
448 3547 526 3598 quaer.
544 3535 569 3584 ἓ.
