2562 3810
558 105 758 170 -2to-

528 295 569 352 llt
583 295 651 352 Pers
670 297 789 367 Argum.
874 266 877 274 ¹

196 421 377 480 Exercitinm
390 422 536 492 potestatis
550 421 712 478 remittendi
728 425 842 492 peceato
857 435 954 476 rerum
967 421 1120 478 constituit

548 514 771 562 sacramentum.

211 657 310 724 Prob.
332 657 378 721 ft.
397 657 434 721 ln
454 655 605 721 exercitio
630 653 727 740 hujus
753 654 915 740 potestatis
939 656 1150 725 eontinentur

166 783 282 830 omnes
299 761 490 829 sacramenti
507 761 724 827 conditiones.

210 869 307 936 Abest
329 868 416 935 enim
432 869 466 933 l·
492 867 620 952 signum
643 875 775 952 prntloe:
797 865 920 932 scilieet
947 867 1148 934 remissionis
1249 943 1250 948 ἵ

165 985 383 1064 peccatorum,
403 995 476 1062 quae
495 955 623 1051 nonsit,
642 972 702 1039 nisi
721 993 778 1060 per
795 972 991 1039 infusionem
1012 975 1148 1059 gratiae3

162 1081 202 1148 9⁰
222 1084 350 1170 signum
366 1079 535 1148 sensibile:
552 1080 698 1147 remissio
723 1091 928 1166 peecatorum
940 1079 977 1146 fit
987 1100 1046 1166 per
1056 1081 1149 1148 abso-

167 1188 333 1274 lotionem,
345 1205 418 1272 quoe
431 1183 574 1268 legitimb
593 1183 729 1250 concedi
743 1205 806 1248 non
831 1195 947 1270 potest,
967 1183 1028 1250 nisi
1045 1187 1148 1272 poeni-

167 1306 236 1358 tens
253 1291 421 1357 confessus
438 1289 535 1356 fuerit
554 1298 696 1377 pessulo,
722 1297 753 1355 et
777 1288 1027 1356 monifestareril
1041 1312 1147 1360 sacer·

165 1398 232 1463 doti
249 1417 283 1462 se
300 1417 370 1462 esse
390 1397 565 1462 contritum
588 1404 619 1464 et
644 1396 764 1462 habere
781 1396 983 1484 propositum
1001 1397 1145 1464 solislun-

162 1503 278 1582 tionis3
300 1523 395 1590 porro
413 1501 586 1580 absolutio,
618 1500 794 1580 confessio,
819 1501 1040 1568 manifestatio
1071 1525 1148 1570 oon-

165 1609 302 1674 lritionis
327 1617 358 1674 ot
384 1609 448 1675 uoti
475 1606 699 1672 satisfactionis
724 1621 800 1672 sunt
820 1628 870 1674 res
896 1607 1083 1689 sensibiles3
1110 1609 1147 1674 5⁰

163 1719 291 1803 signum
309 1718 542 1784 arbitrarium:
561 1735 634 1781 nam
647 1712 792 1782 Christus
805 1715 961 1802 potuisset
978 1715 1148 1784 instituere

163 1825 250 1891 uliud
268 1823 454 1909 signumad
478 1821 701 1888 remissionem
725 1828 947 1908 [seruaturum
961 1822 999 1885 4⁰
1016 1822 1147 1907 signum

61 1979 63 1986 -
165 1931 376 2018 symbolicum
388 1955 399 1995 .·
410 1929 571 2016 siqnidem
587 1935 754 2016 pennatum
765 1947 802 1992 ex
816 1927 913 1994 eorde
925 1927 1017 2013 quasi
1038 1925 1147 2016 expel-

164 2036 243 2103 litur
258 2057 318 2125 per
334 2035 571 2103 confessionem
582 2033 717 2118 nesigno
733 2031 966 2100 manifestantia
981 2034 1147 2101 contritio·

163 2163 237 2210 nem
262 2131 552 2230 satisfactionisque
577 2139 798 2231 propositum,
829 2151 861 2205 et
882 2139 1059 2206 destruitur
1090 2161 1147 2228 per

164 2249 420 2326 absolutionum
451 2249 556 2314 etsie
580 2247 755 2332 symbolice
780 2245 968 2332 exprimitur
997 2248 1147 2314 remissio

160 2371 220 2418 seu
230 2351 362 2443 abolitio
376 2354 515 2437 penuat13
529 2351 565 2416 5⁰
577 2352 706 2435 signum
719 2353 919 2436 praeficem:
932 2351 1020 2439 quia,
1037 2352 1147 2440 utjam

150 2457 315 2535 ¹(linimus,
335 2455 508 2536 absolutio,
532 2455 705 2543 suppositis
732 2457 971 2523 conditionibus
996 2460 1145 2544 pretiis,

163 2559 296 2628 remittit
317 2575 468 2652 peecata,
489 2561 625 2651 proinde
650 2563 786 2648 gratiam
815 2563 959 2642 oonlert3
985 2563 1023 2628 6⁰
1040 2566 1061 2629 ὰ
1078 2565 1148 2632 Deo

161 2671 359 2738 institutum:
373 2672 535 2758 siquidem
553 2691 591 2738 ex
603 2669 710 2738 verbis
724 2669 841 2736 Christi
859 2671 890 2734 in
909 2670 1013 2757 prima
1028 2692 1146 2760 propo·

112 2844 115 2851 ,
162 2777 278 2844 sitione
303 2779 404 2844 situlis
433 2780 638 2846 concluditur
661 2779 758 2844 simul
787 2787 928 2866 potestas
958 2781 1147 2847 remittendi
1249 2767 1250 2788 ³

162 2893 305 2972 peecata,
324 2894 355 2952 et
372 2885 488 2952 modus
510 2885 731 2963 remissionis,
754 2885 792 2948 7⁰
805 2897 1146 2970 permanentersnam

163 2993 309 3058 remissio
332 3005 551 3078 peecatorum,
567 3011 640 3078 quae
658 3005 705 3057 est
721 3012 838 3079 scopus
855 2991 1147 3079 hujusinstitutio·
1249 2973 1250 2996 ¹

160 3094 222 3169 nis,
241 3104 288 3159 est
308 3111 534 3181 permanenter
553 3097 638 3161 utilis
655 3096 821 3162 Ecclesiae.
864 3131 868 3142 ι

204 3197 303 3262 Prob.
321 3197 369 3262 br.
405 3199 528 3265 Consil.
551 3201 641 3266 frid.
670 3222 750 3267 sess.
773 3201 827 3280 tl,
859 3222 931 3268 cun.
955 3201 985 3268 i:
1010 3204 1047 3270 St'
1070 3208 1146 3291 quis

163 3296 282 3394 dixerit
306 3301 340 3365 in
374 3303 542 3369 Catholici
567 3307 712 3372 Ecclesia*
736 3305 963 3390 Poenilentiarn
984 3331 1048 3376 non
1076 3333 1147 3378 esau

161 3397 412 3481 verletpropril
424 3394 677 3486 sacramentnm,
688 3429 753 3495 pro
760 3412 922 3497 fidelibus,
937 3419 1145 3503 qtrotilspost
