2550 3810
623 124 804 194 ..92ss

221 268 364 348 crificii,
396 269 555 354 quatenus
589 279 636 332 cst
658 265 933 355 propitiatorium
961 271 992 330 ct
1025 267 1215 354 impetrato-

235 377 333 443 rium.

269 481 367 548 Prol.
383 465 456 570 pen.
483 481 518 546 l⁰
539 479 738 547 Sacrificium
756 477 861 546 crucis
883 501 941 568 pro
954 479 1108 546 omuibus
1126 479 1215 547 obla·

223 603 291 656 tum
308 601 367 667 est,
386 591 403 653 a
421 587 488 675 pari
504 587 696 652 sucrificium
715 587 831 664 Missae,
857 587 1024 674 per-*quod
1042 584 1212 674 applican-

222 705 275 763 tur
287 693 552 761 meritasacrificii
566 694 683 760 crucis.
696 694 733 760 ιθ
744 695 902 760 Sacerdos
916 694 1056 762 offerens
1074 689 1212 766 calicem

223 802 318 869 dicit:
337 802 543 888 offerimus...
554 823 616 886 pro
634 801 747 867 nostru
763 812 792 866 et
806 803 904 866 totius
916 803 1031 866 mundi
1046 803 1163 868 salute,

249 907 365 976 Ῥιοὸ.
380 927 464 994 spec.
481 909 602 976 Omnes
613 909 669 996 qui
685 909 809 975 suntin
826 909 887 988 via,
903 907 952 974 vel
970 907 1205 977 suntmcmbra

221 1015 383 1098 Ecclesiae,
401 1017 450 1083 vel
469 1036 546 1082 non.
565 1015 664 1082 Porro
679 1015 811 1082 effectus
832 1015 979 1081 sacrificii
998 1016 1205 1084 eucharistici

220 1121 373 1211 applicari
388 1133 522 1208 possunt
540 1122 574 1185 1⁰
589 1121 747 1186 membris
773 1120 941 1188 Ecclesiae:
960 1119 1130 1207 Siquidem
1150 1145 1202 1189 sa-

105 1202 126 1240 ἰ
214 1227 378 1295 'orificium
405 1225 508 1292 Missus
528 1226 561 1292 in
586 1227 756 1294 utilitatem
779 1227 928 1293 Ecclesiee'
951 1229 1089 1314 ejusque
1104 1248 1208 1296 mem·

221 1323 356 1401 litorum
377 1334 539 1421 praecipue
561 1334 741 1402 institutum
764 1343 823 1402 est.
844 1337 924 1404 Hinc
940 1337 972 1400 in
989 1357 1114 1403 canone
1131 1336 1208 1404 dici-

132 1509 135 1514 ,
218 1453 269 1506 tut
283 1435 486 1528 'sacrificium
511 1439 618 1506 offerri
644 1443 879 1526 pruromur'lrus
896 1443 1088 1508 ‘orthodoxis
1106 1457 1207 1530 atquc

217 1547 388 1612 Catholicrc
403 1557 433 1611 ct
446 1547 641 1640 Apostcltcoe
660 1533 738 1636 fidei
753 1550 942 1616 cultoribus.
961 1551 1059 1614 -ἰῡ
1071 1550 1204 1638 llisqni

216 1671 282 1720 non
295 1664 370 1720 sunt
384 1653 529 1720 membra
541 1655 689 1722 Ecclesiae
701 1669 708 1719 ε’
721 1657 800 1722 Nam
811 1656 948 1743 'l.·joxta
961 1657 1200 1725 Tertullianum

214 1767 246 1829 ct
261 1762 295 1828 S.
315 1759 469 1848 Cyrillum
487 1780 576 1848 supr.
597 1763 668 1841 cit,
687 1763 718 1827 in
737 1763 898 1850 primitiva
925 1763 1072 1830 Ecclesia
1086 1765 1204 1832 offere·

215 1867 312 1934 batur
328 1867 521 1934 sacrificium
532 1889 590 1956 pro
607 1869 813 1956 imperatore,
835 1869 892 1955 qui
910 1869 978 1935 erat
994 1869 1149 1938 infidelis.
1168 1875 1201 1942 ι.

130 1977 133 1980 ’
216 1975 355 2042 Ecclesia
373 1973 670 2042 oliertsacriliciurn
684 1976 723 2040 ad
742 1976 952 2043 obtinendum
969 1995 1053 2044 verm
1075 1978 1204 2064 religio·

216 2082 267 2148 nis
272 2080 509 2160 diffusionem
537 2097 614 2166 ergo
637 2081 790 2170 implicite
815 2090 884 2148 orat
900 2105 958 2172 pro
977 2085 1133 2153 omnibus
1147 2088 1202 2220 qui

212 2187 591 2253 suntextrallcclesiem
638 2197 640 2201 ’
785 2203 789 2207 ·

215 2291 429 2368 Dicimus:
441 2293 1203 2385 applicaripossunteffectussacriliciiqnotcnus

214 2407 260 2464 cst
273 2395 540 2484 propitiatorium?
557 2412 587 2465 ct
603 2402 872 2486 impetccmclum.
895 2405 1088 2471 Hominibus
1113 2409 1201 2473 enim

213 2505 292 2572 vitis
308 2506 461 2594 prodesse
475 2515 611 2594 possunt
598 2509 748 2576 tellectus
765 2509 913 2632 sacrificii
930 2513 1063 2580 subhoc
1052 2515 1201 2648 duplici

207 2621 362 2702 'respectu
380 2614 596 2684 considerati.¹

165 2733 167 2738 “
258 2724 304 2786 fla
317 2723 394 2810 Ppo.
398 2722 617 2788 -Desunctis
634 2724 792 2790 damnatis
814 2723 916 2790 nollo
930 2737 1027 2792 sensu
1045 2727 1201 2814 applicari
1269 2751 1270 2804 l

211 2838 348 2912 possunt
364 2821 486 2893 fructus
496 2826 641 2892 sacrificii
649 2820 873 2894 .''-l)esunctis
889 2830 921 2894 in
938 2833 1129 2917 purgatorio
1142 2833 1200 2898 dc·

213 2931 308 2997 teritis
322 2921 473 3018 applicari
492 2923 637 3024 possunt¹
650 2933 771 2999 fructus
791 2935 950 3013 sacrificii,
971 2943 1134 3022 quatenus
1152 2947 1200 3005 est

214 3037 483 3117 satisfactorium,
512 3061 575 3105 non
601 3047 678 3105 vero
695 3046 853 3126 quatenus
874 3055 922 3107 est
938 3043 1200 3129 impetratorium

212 3133 323 3222 gratiss
347 3145 480 3210 actualis
498 3154 529 3210 et
552 3149 717 3230 augmenti
742 3149 852 3231 gratioe
881 3149 1200 3217 habitualis-Dc·
1269 3131 1270 3172 ¹

212 3243 328 3308 iunctis
346 3247 447 3329 gloria
460 3249 640 3318 fruentibus
657 3252 810 3340 applicari
829 3275 892 3319 non
911 3264 1046 3343 possunt
1070 3256 1198 3324 fructus

212 3347 357 3412 sacrificii
374 3354 532 3434 quatenns
546 3371 593 3422 cst
609 3360 877 3445 propitiatorium,
893 3366 1052 3448 qu'utenirs
1064 3375 1114 3429 est
1134 3364 1198 3430 irn-

205 3451 420 3526 'petratorium
429 3457 539 3536 gratia
552 3463 695 3543 suculis,
710 3467 874 3550 'augmenti
884 3467 1195 3554 gratiaenattruatis,
