<?xml version="1.0" encoding="UTF-8"?>
<!DOCTYPE html PUBLIC "-//W3C//DTD XHTML 1.0 Transitional//EN"
    "http://www.w3.org/TR/xhtml1/DTD/xhtml1-transitional.dtd">
<html xmlns="http://www.w3.org/1999/xhtml" xml:lang="en" lang="en">
 <head>
  <title>
</title>
<meta http-equiv="Content-Type" content="text/html;charset=utf-8" />
  <meta name='ocr-system' content='tesseract 3.04.00' />
  <meta name='ocr-capabilities' content='ocr_page ocr_carea ocr_par ocr_line ocrx_word'/>
</head>
<body>
  <div class='ocr_page' id='page_1' title='image "./theologiadogmat01fraigoog_0380.png"; bbox 0 0 2556 3812; ppageno 0'>
   <div class='ocr_carea' id='block_1_1' title="bbox 494 92 691 162">
    <p class='ocr_par' dir='ltr' id='par_1_1' title="bbox 494 92 691 162">
     <span class='ocr_line' id='line_1_1' title="bbox 494 92 691 162; baseline 0.02 -4"><span class='ocrx_word' id='word_1_1' title='bbox 494 92 691 162; x_wconf 76' lang='grc'>-171,-</span> 
     </span>
    </p>
   </div>
   <div class='ocr_carea' id='block_1_2' title="bbox 6 233 1074 532">
    <p class='ocr_par' dir='ltr' id='par_1_2' title="bbox 6 233 1074 532">
     <span class='ocr_line' id='line_1_2' title="bbox 6 233 1073 328; baseline 0.002 -28"><span class='ocrx_word' id='word_1_2' title='bbox 6 259 13 322; x_wconf 66' lang='lat' dir='ltr'><strong>p</strong></span> <span class='ocrx_word' id='word_1_3' title='bbox 93 233 355 311; x_wconf 79' lang='lat' dir='ltr'>admirationem,</span> <span class='ocrx_word' id='word_1_4' title='bbox 377 234 593 324; x_wconf 79' lang='lat' dir='ltr'><strong>turbationem</strong></span> <span class='ocrx_word' id='word_1_5' title='bbox 617 247 674 302; x_wconf 88' lang='lat' dir='ltr'><strong>aut</strong></span> <span class='ocrx_word' id='word_1_6' title='bbox 697 235 909 318; x_wconf 71' lang='lat' dir='ltr'><strong>offensionem</strong></span> <span class='ocrx_word' id='word_1_7' title='bbox 940 237 1073 328; x_wconf 86' lang='lat' dir='ltr'><strong>populi,</strong></span> 
     </span>
     <span class='ocr_line' id='line_1_3' title="bbox 6 338 1074 428; baseline 0.006 -26"><span class='ocrx_word' id='word_1_8' title='bbox 6 369 8 428; x_wconf 46' lang='grc' dir='ltr'>ξ</span> <span class='ocrx_word' id='word_1_9' title='bbox 94 342 196 424; x_wconf 80' lang='lat' dir='ltr'><strong>quam</strong></span> <span class='ocrx_word' id='word_1_10' title='bbox 213 359 341 403; x_wconf 84' lang='lat' dir='ltr'><strong>seruare</strong></span> <span class='ocrx_word' id='word_1_11' title='bbox 358 338 532 416; x_wconf 79' lang='lat' dir='ltr'><strong>rubricam,</strong></span> <span class='ocrx_word' id='word_1_12' title='bbox 545 360 617 426; x_wconf 89' lang='lat' dir='ltr'><strong>quae</strong></span> <span class='ocrx_word' id='word_1_13' title='bbox 626 338 715 426; x_wconf 86' lang='lat' dir='ltr'><strong>juxta</strong></span> <span class='ocrx_word' id='word_1_14' title='bbox 726 361 933 408; x_wconf 90' lang='lat' dir='ltr'><strong>communem</strong></span> <span class='ocrx_word' id='word_1_15' title='bbox 945 353 1074 408; x_wconf 87' lang='lat' dir='ltr'><strong>senten·</strong></span> 
     </span>
     <span class='ocr_line' id='line_1_4' title="bbox 6 444 729 532; baseline 0.003 -24"><span class='ocrx_word' id='word_1_16' title='bbox 6 493 9 532; x_wconf 43' lang='grc' dir='ltr'><em>ξ</em></span> <span class='ocrx_word' id='word_1_17' title='bbox 94 445 173 510; x_wconf 88' lang='lat' dir='ltr'><strong>tiam</strong></span> <span class='ocrx_word' id='word_1_18' title='bbox 191 444 313 529; x_wconf 86' lang='lat' dir='ltr'><strong>obligat</strong></span> <span class='ocrx_word' id='word_1_19' title='bbox 328 449 452 510; x_wconf 79' lang='lat' dir='ltr'><strong>tantiam</strong></span> <span class='ocrx_word' id='word_1_20' title='bbox 469 445 530 512; x_wconf 90' lang='lat' dir='ltr'><strong>sub</strong></span> <span class='ocrx_word' id='word_1_21' title='bbox 552 445 613 512; x_wconf 88' lang='lat' dir='ltr'><strong>levi</strong></span> <span class='ocrx_word' id='word_1_22' title='bbox 630 447 689 528; x_wconf 76' lang='lat' dir='ltr'><strong>(l).</strong></span> <span class='ocrx_word' id='word_1_23' title='bbox 727 517 729 520; x_wconf 52' lang='grc'>,</span> 
     </span>
    </p>
   </div>
   <div class='ocr_carea' id='block_1_3' title="bbox 329 613 838 832">
    <p class='ocr_par' dir='ltr' id='par_1_3' title="bbox 329 613 838 832">
     <span class='ocr_line' id='line_1_5' title="bbox 450 613 786 688; baseline 0.006 -17"><span class='ocrx_word' id='word_1_24' title='bbox 450 613 656 688; x_wconf 84' lang='lat' dir='ltr'><strong>ARTICULUS</strong></span> <span class='ocrx_word' id='word_1_25' title='bbox 675 613 713 672; x_wconf 88' lang='grc' dir='ltr'><strong>ΙΙ.</strong></span> <span class='ocrx_word' id='word_1_26' title='bbox 785 660 786 663; x_wconf 16' lang='grc' dir='ltr'>η</span> 
     </span>
     <span class='ocr_line' id='line_1_6' title="bbox 329 754 838 832; baseline 0.006 -24"><span class='ocrx_word' id='word_1_27' title='bbox 329 754 370 808; x_wconf 89' lang='lat' dir='ltr'><strong>Dc</strong></span> <span class='ocrx_word' id='word_1_28' title='bbox 388 755 503 832; x_wconf 85' lang='lat' dir='ltr'><strong>legibus</strong></span> <span class='ocrx_word' id='word_1_29' title='bbox 514 756 682 826; x_wconf 78' lang='lat' dir='ltr'><strong>specialibus</strong></span> <span class='ocrx_word' id='word_1_30' title='bbox 701 757 838 828; x_wconf 76' lang='lat' dir='ltr'><strong>subiecto.</strong></span> 
     </span>
    </p>
   </div>
   <div class='ocr_carea' id='block_1_4' title="bbox 495 899 669 956">
    <p class='ocr_par' dir='ltr' id='par_1_4' title="bbox 495 899 669 956">
     <span class='ocr_line' id='line_1_7' title="bbox 495 899 669 956; baseline -0.006 -2"><span class='ocrx_word' id='word_1_31' title='bbox 495 899 627 956; x_wconf 84' lang='lat' dir='ltr'><strong>Puucrun</strong></span> <span class='ocrx_word' id='word_1_32' title='bbox 645 899 669 954; x_wconf 89' lang='lat' dir='ltr'><strong>l.</strong></span> 
     </span>
    </p>
   </div>
   <div class='ocr_carea' id='block_1_5' title="bbox 146 1027 1019 1144">
    <p class='ocr_par' dir='ltr' id='par_1_5' title="bbox 146 1027 1019 1144">
     <span class='ocr_line' id='line_1_8' title="bbox 146 1027 1019 1089; baseline 0 -17"><span class='ocrx_word' id='word_1_33' title='bbox 146 1032 191 1072; x_wconf 72' lang='lat' dir='ltr'><strong>ue</strong></span> <span class='ocrx_word' id='word_1_34' title='bbox 206 1028 413 1089; x_wconf 65' lang='lat' dir='ltr'><strong>minationibus</strong></span> <span class='ocrx_word' id='word_1_35' title='bbox 422 1027 536 1081; x_wconf 78' lang='lat' dir='ltr'><strong>subtecti</strong></span> <span class='ocrx_word' id='word_1_36' title='bbox 550 1029 827 1082; x_wconf 73' lang='lat' dir='ltr'><strong>erpo‘nnebartsttom</strong></span> <span class='ocrx_word' id='word_1_37' title='bbox 837 1033 970 1082; x_wconf 74' lang='lat' dir='ltr'><strong>quotenus</strong></span> <span class='ocrx_word' id='word_1_38' title='bbox 979 1035 1019 1074; x_wconf 82' lang='lat' dir='ltr'><strong>est</strong></span> 
     </span>
     <span class='ocr_line' id='line_1_9' title="bbox 497 1099 671 1144; baseline 0.023 -4"><span class='ocrx_word' id='word_1_39' title='bbox 497 1099 671 1144; x_wconf 72' lang='lat' dir='ltr'><strong>suerlllclttm.</strong></span> 
     </span>
    </p>
   </div>
   <div class='ocr_carea' id='block_1_6' title="bbox 275 1223 890 1290">
    <p class='ocr_par' dir='ltr' id='par_1_6' title="bbox 275 1223 890 1290">
     <span class='ocr_line' id='line_1_10' title="bbox 275 1223 890 1290; baseline 0.003 -18"><span class='ocrx_word' id='word_1_40' title='bbox 275 1223 322 1287; x_wconf 66' lang='lat' dir='ltr'><strong>tl.</strong></span> <span class='ocrx_word' id='word_1_41' title='bbox 338 1249 370 1260; x_wconf 92' lang='lat'>-</span> <span class='ocrx_word' id='word_1_42' title='bbox 383 1224 420 1274; x_wconf 81' lang='lat' dir='ltr'><strong>lle</strong></span> <span class='ocrx_word' id='word_1_43' title='bbox 433 1224 590 1290; x_wconf 78' lang='lat' dir='ltr'><strong>obligatione</strong></span> <span class='ocrx_word' id='word_1_44' title='bbox 603 1223 742 1282; x_wconf 81' lang='lat' dir='ltr'><strong>assistendi</strong></span> <span class='ocrx_word' id='word_1_45' title='bbox 754 1223 890 1276; x_wconf 84' lang='lat' dir='ltr'><strong>sacrificio.</strong></span> 
     </span>
    </p>
   </div>
   <div class='ocr_carea' id='block_1_7' title="bbox 87 1367 1070 1879">
    <p class='ocr_par' dir='ltr' id='par_1_7' title="bbox 87 1367 1070 1672">
     <span class='ocr_line' id='line_1_11' title="bbox 136 1367 1070 1442; baseline 0.003 -3"><span class='ocrx_word' id='word_1_46' title='bbox 136 1371 260 1439; x_wconf 84' lang='lat' dir='ltr'><strong>Omnes</strong></span> <span class='ocrx_word' id='word_1_47' title='bbox 275 1367 387 1439; x_wconf 83' lang='lat' dir='ltr'><strong>fideles</strong></span> <span class='ocrx_word' id='word_1_48' title='bbox 404 1373 534 1440; x_wconf 88' lang='lat' dir='ltr'><strong>rationis</strong></span> <span class='ocrx_word' id='word_1_49' title='bbox 552 1396 647 1441; x_wconf 89' lang='lat' dir='ltr'><strong>usum</strong></span> <span class='ocrx_word' id='word_1_50' title='bbox 668 1375 826 1442; x_wconf 86' lang='lat' dir='ltr'><strong>babentes</strong></span> <span class='ocrx_word' id='word_1_51' title='bbox 842 1386 993 1442; x_wconf 89' lang='lat' dir='ltr'><strong>tenentur</strong></span> <span class='ocrx_word' id='word_1_52' title='bbox 1009 1376 1070 1442; x_wconf 89' lang='lat' dir='ltr'><strong>sub</strong></span> 
     </span>
     <span class='ocr_line' id='line_1_12' title="bbox 87 1478 1069 1569; baseline 0.006 -27"><span class='ocrx_word' id='word_1_53' title='bbox 87 1478 180 1562; x_wconf 84' lang='lat' dir='ltr'><strong>gravi</strong></span> <span class='ocrx_word' id='word_1_54' title='bbox 197 1478 351 1545; x_wconf 75' lang='lat' dir='ltr'><strong>interesse</strong></span> <span class='ocrx_word' id='word_1_55' title='bbox 365 1480 472 1546; x_wconf 86' lang='lat' dir='ltr'><strong>missae</strong></span> <span class='ocrx_word' id='word_1_56' title='bbox 483 1481 599 1554; x_wconf 89' lang='lat' dir='ltr'><strong>diebus</strong></span> <span class='ocrx_word' id='word_1_57' title='bbox 613 1482 784 1547; x_wconf 84' lang='lat' dir='ltr'><strong>dominicis</strong></span> <span class='ocrx_word' id='word_1_58' title='bbox 802 1482 890 1562; x_wconf 82' lang='lat' dir='ltr'><strong>etde</strong></span> <span class='ocrx_word' id='word_1_59' title='bbox 906 1487 1069 1569; x_wconf 81' lang='lat' dir='ltr'><strong>praecepto</strong></span> 
     </span>
     <span class='ocr_line' id='line_1_13' title="bbox 87 1581 729 1672; baseline 0.008 -25"><span class='ocrx_word' id='word_1_60' title='bbox 87 1581 224 1660; x_wconf 72' lang='lat' dir='ltr'><strong>festivis,</strong></span> <span class='ocrx_word' id='word_1_61' title='bbox 243 1583 304 1648; x_wconf 91' lang='lat' dir='ltr'><strong>nisi</strong></span> <span class='ocrx_word' id='word_1_62' title='bbox 326 1583 409 1648; x_wconf 90' lang='lat' dir='ltr'><strong>adsit</strong></span> <span class='ocrx_word' id='word_1_63' title='bbox 426 1584 506 1651; x_wconf 90' lang='lat' dir='ltr'><strong>ratio</strong></span> <span class='ocrx_word' id='word_1_64' title='bbox 524 1585 729 1672; x_wconf 82' lang='lat' dir='ltr'><strong>dispensans.</strong></span> 
     </span>
    </p>

    <p class='ocr_par' dir='ltr' id='par_1_8' title="bbox 88 1685 1068 1879">
     <span class='ocr_line' id='line_1_14' title="bbox 136 1685 1068 1775; baseline 0.003 -26"><span class='ocrx_word' id='word_1_65' title='bbox 136 1685 302 1750; x_wconf 78' lang='lat' dir='ltr'><strong>Probatur</strong></span> <span class='ocrx_word' id='word_1_66' title='bbox 327 1688 490 1765; x_wconf 79' lang='lat' dir='ltr'><strong>existentia</strong></span> <span class='ocrx_word' id='word_1_67' title='bbox 510 1690 676 1775; x_wconf 82' lang='lat' dir='ltr'><strong>praecepti,</strong></span> <span class='ocrx_word' id='word_1_68' title='bbox 696 1694 764 1754; x_wconf 80' lang='lat' dir='ltr'><strong>tum</strong></span> <span class='ocrx_word' id='word_1_69' title='bbox 783 1688 954 1754; x_wconf 84' lang='lat' dir='ltr'><strong>universali</strong></span> <span class='ocrx_word' id='word_1_70' title='bbox 978 1689 1068 1775; x_wconf 87' lang='lat' dir='ltr'><strong>praxi</strong></span> 
     </span>
     <span class='ocr_line' id='line_1_15' title="bbox 88 1788 1065 1879; baseline -0.001 -22"><span class='ocrx_word' id='word_1_71' title='bbox 88 1791 255 1867; x_wconf 86' lang='lat' dir='ltr'><strong>Ecclesiae,</strong></span> <span class='ocrx_word' id='word_1_72' title='bbox 269 1788 337 1857; x_wconf 86' lang='lat' dir='ltr'><strong>tirm</strong></span> <span class='ocrx_word' id='word_1_73' title='bbox 345 1791 421 1879; x_wconf 90' lang='lat' dir='ltr'><strong>jure</strong></span> <span class='ocrx_word' id='word_1_74' title='bbox 437 1793 593 1860; x_wconf 87' lang='lat' dir='ltr'><strong>canonico</strong></span> <span class='ocrx_word' id='word_1_75' title='bbox 611 1795 751 1879; x_wconf 69' lang='lat' dir='ltr'><strong>(Jdccretr&#39;</strong></span> <span class='ocrx_word' id='word_1_76' title='bbox 766 1793 786 1856; x_wconf 76' lang='lat'>5</span> <span class='ocrx_word' id='word_1_77' title='bbox 801 1815 836 1877; x_wconf 87' lang='lat' dir='ltr'><strong>p.</strong></span> <span class='ocrx_word' id='word_1_78' title='bbox 851 1793 926 1858; x_wconf 84' lang='lat' dir='ltr'><strong>diet.</strong></span> <span class='ocrx_word' id='word_1_79' title='bbox 944 1795 975 1872; x_wconf 78' lang='lat' dir='ltr'><strong>l&#39;,</strong></span> <span class='ocrx_word' id='word_1_80' title='bbox 992 1812 1065 1858; x_wconf 86' lang='lat' dir='ltr'><strong>con.</strong></span> 
     </span>
    </p>
   </div>
   <div class='ocr_carea' id='block_1_8' title="bbox 6 1897 1085 3154">
    <p class='ocr_par' dir='ltr' id='par_1_9' title="bbox 88 1897 620 1978">
     <span class='ocr_line' id='line_1_16' title="bbox 88 1897 620 1978; baseline 0.004 -16"><span class='ocrx_word' id='word_1_81' title='bbox 88 1898 159 1978; x_wconf 76' lang='lat' dir='ltr'><strong>bt),</strong></span> <span class='ocrx_word' id='word_1_82' title='bbox 174 1897 343 1969; x_wconf 88' lang='lat' dir='ltr'><strong>ritualibus</strong></span> <span class='ocrx_word' id='word_1_83' title='bbox 353 1913 391 1965; x_wconf 63' lang='lat' dir='ltr'><strong>‘et</strong></span> <span class='ocrx_word' id='word_1_84' title='bbox 403 1899 620 1966; x_wconf 87' lang='lat' dir='ltr'><strong>catechismis.</strong></span> 
     </span>
    </p>

    <p class='ocr_par' dir='ltr' id='par_1_10' title="bbox 85 2001 1070 2304">
     <span class='ocr_line' id='line_1_17' title="bbox 133 2001 1069 2090; baseline 0 -22"><span class='ocrx_word' id='word_1_85' title='bbox 133 2003 265 2088; x_wconf 77' lang='lat' dir='ltr'><strong>Euplic.</strong></span> <span class='ocrx_word' id='word_1_86' title='bbox 286 2005 319 2068; x_wconf 76' lang='lat' dir='ltr'><strong>pa</strong></span> <span class='ocrx_word' id='word_1_87' title='bbox 332 2027 369 2090; x_wconf 85' lang='lat' dir='ltr'><strong>p.</strong></span> <span class='ocrx_word' id='word_1_88' title='bbox 394 2005 516 2072; x_wconf 88' lang='lat' dir='ltr'><strong>Omnes</strong></span> <span class='ocrx_word' id='word_1_89' title='bbox 539 2003 651 2070; x_wconf 87' lang='lat' dir='ltr'><strong>fideles</strong></span> <span class='ocrx_word' id='word_1_90' title='bbox 668 2001 799 2068; x_wconf 87' lang='lat' dir='ltr'><strong>rationis</strong></span> <span class='ocrx_word' id='word_1_91' title='bbox 824 2023 919 2069; x_wconf 88' lang='lat' dir='ltr'><strong>usum</strong></span> <span class='ocrx_word' id='word_1_92' title='bbox 945 2001 1069 2068; x_wconf 88' lang='lat' dir='ltr'><strong>baben·</strong></span> 
     </span>
     <span class='ocr_line' id='line_1_18' title="bbox 87 2101 1070 2198; baseline 0.002 -24"><span class='ocrx_word' id='word_1_93' title='bbox 87 2123 154 2176; x_wconf 87' lang='lat' dir='ltr'><strong>tes:</strong></span> <span class='ocrx_word' id='word_1_94' title='bbox 187 2111 348 2196; x_wconf 87' lang='lat' dir='ltr'><strong>siquidem</strong></span> <span class='ocrx_word' id='word_1_95' title='bbox 373 2111 512 2180; x_wconf 81' lang='lat' dir='ltr'><strong>Ecclesia</strong></span> <span class='ocrx_word' id='word_1_96' title='bbox 544 2116 711 2196; x_wconf 77' lang='lat' dir='ltr'><strong>nunquam</strong></span> <span class='ocrx_word' id='word_1_97' title='bbox 739 2101 875 2175; x_wconf 86' lang='lat' dir='ltr'><strong>intendit</strong></span> <span class='ocrx_word' id='word_1_98' title='bbox 901 2108 1070 2198; x_wconf 81' lang='lat' dir='ltr'><strong>praeceptis</strong></span> 
     </span>
     <span class='ocr_line' id='line_1_19' title="bbox 85 2215 953 2304; baseline 0 -22"><span class='ocrx_word' id='word_1_99' title='bbox 85 2216 155 2282; x_wconf 92' lang='lat' dir='ltr'><strong>suis</strong></span> <span class='ocrx_word' id='word_1_100' title='bbox 173 2215 317 2300; x_wconf 80' lang='lat' dir='ltr'><strong>obligare</strong></span> <span class='ocrx_word' id='word_1_101' title='bbox 334 2239 389 2284; x_wconf 89' lang='lat' dir='ltr'><strong>eus</strong></span> <span class='ocrx_word' id='word_1_102' title='bbox 411 2218 466 2304; x_wconf 79' lang='lat' dir='ltr'><strong>nui</strong></span> <span class='ocrx_word' id='word_1_103' title='bbox 485 2216 616 2282; x_wconf 84' lang='lat' dir='ltr'><strong>rationis</strong></span> <span class='ocrx_word' id='word_1_104' title='bbox 635 2237 695 2282; x_wconf 91' lang='lat' dir='ltr'><strong>usu</strong></span> <span class='ocrx_word' id='word_1_105' title='bbox 718 2215 953 2283; x_wconf 87' lang='lat' dir='ltr'><strong>destituuntur.</strong></span> 
     </span>
    </p>

    <p class='ocr_par' dir='ltr' id='par_1_11' title="bbox 84 2321 1069 2727">
     <span class='ocr_line' id='line_1_20' title="bbox 134 2321 1069 2406; baseline 0 -19"><span class='ocrx_word' id='word_1_106' title='bbox 134 2323 171 2387; x_wconf 69' lang='lat'><strong>2³</strong></span> <span class='ocrx_word' id='word_1_107' title='bbox 185 2344 221 2406; x_wconf 88' lang='lat' dir='ltr'><strong>p.</strong></span> <span class='ocrx_word' id='word_1_108' title='bbox 241 2325 406 2390; x_wconf 86' lang='lat' dir='ltr'><strong>Tenentur</strong></span> <span class='ocrx_word' id='word_1_109' title='bbox 422 2325 577 2392; x_wconf 87' lang='lat' dir='ltr'><strong>interesse</strong></span> <span class='ocrx_word' id='word_1_110' title='bbox 599 2324 706 2390; x_wconf 83' lang='lat' dir='ltr'><strong>missae</strong></span> <span class='ocrx_word' id='word_1_111' title='bbox 722 2323 838 2391; x_wconf 90' lang='lat' dir='ltr'><strong>diebus</strong></span> <span class='ocrx_word' id='word_1_112' title='bbox 852 2321 1022 2390; x_wconf 88' lang='lat' dir='ltr'><strong>dominicis</strong></span> <span class='ocrx_word' id='word_1_113' title='bbox 1037 2335 1069 2388; x_wconf 93' lang='lat' dir='ltr'><strong>et</strong></span> 
     </span>
     <span class='ocr_line' id='line_1_21' title="bbox 86 2429 1068 2516; baseline 0.001 -22"><span class='ocrx_word' id='word_1_114' title='bbox 86 2429 129 2494; x_wconf 94' lang='lat' dir='ltr'><strong>de</strong></span> <span class='ocrx_word' id='word_1_115' title='bbox 143 2443 304 2516; x_wconf 81' lang='lat' dir='ltr'><strong>praecepto</strong></span> <span class='ocrx_word' id='word_1_116' title='bbox 318 2429 456 2495; x_wconf 78' lang='lat' dir='ltr'><strong>festivis:</strong></span> <span class='ocrx_word' id='word_1_117' title='bbox 472 2430 566 2496; x_wconf 35' lang='lat' dir='ltr'><strong>*Unde</strong></span> <span class='ocrx_word' id='word_1_118' title='bbox 585 2451 615 2496; x_wconf 88' lang='lat' dir='ltr'><strong>v.</strong></span> <span class='ocrx_word' id='word_1_119' title='bbox 636 2451 667 2514; x_wconf 80' lang='lat' dir='ltr'><strong>g.</strong></span> <span class='ocrx_word' id='word_1_120' title='bbox 695 2452 760 2496; x_wconf 90' lang='lat' dir='ltr'><strong>non</strong></span> <span class='ocrx_word' id='word_1_121' title='bbox 779 2444 826 2497; x_wconf 89' lang='lat' dir='ltr'><strong>est</strong></span> <span class='ocrx_word' id='word_1_122' title='bbox 847 2429 1000 2516; x_wconf 87' lang='lat' dir='ltr'><strong>obligatio</strong></span> <span class='ocrx_word' id='word_1_123' title='bbox 1018 2449 1068 2496; x_wconf 90' lang='lat' dir='ltr'><strong>as-</strong></span> 
     </span>
     <span class='ocr_line' id='line_1_22' title="bbox 84 2533 1069 2624; baseline 0 -23"><span class='ocrx_word' id='word_1_124' title='bbox 84 2535 220 2601; x_wconf 88' lang='lat' dir='ltr'><strong>sistendi</strong></span> <span class='ocrx_word' id='word_1_125' title='bbox 232 2535 338 2601; x_wconf 86' lang='lat' dir='ltr'><strong>missae</strong></span> <span class='ocrx_word' id='word_1_126' title='bbox 353 2533 431 2602; x_wconf 79' lang='lat' dir='ltr'><strong>ierib</strong></span> <span class='ocrx_word' id='word_1_127' title='bbox 449 2535 493 2614; x_wconf 76' lang='lat'><strong>5²,</strong></span> <span class='ocrx_word' id='word_1_128' title='bbox 513 2535 732 2602; x_wconf 64' lang='lat' dir='ltr'><strong>filetsabbato</strong></span> <span class='ocrx_word' id='word_1_129' title='bbox 749 2536 875 2624; x_wconf 88' lang='lat' dir='ltr'><strong>blajoris</strong></span> <span class='ocrx_word' id='word_1_130' title='bbox 894 2536 1069 2602; x_wconf 76' lang='lat' dir='ltr'><strong>bebdoma-</strong></span> 
     </span>
     <span class='ocr_line' id='line_1_23' title="bbox 85 2641 1068 2727; baseline 0 -21"><span class='ocrx_word' id='word_1_131' title='bbox 85 2643 152 2718; x_wconf 79' lang='lat' dir='ltr'><strong>dae,</strong></span> <span class='ocrx_word' id='word_1_132' title='bbox 181 2662 287 2727; x_wconf 89' lang='lat' dir='ltr'><strong>neque</strong></span> <span class='ocrx_word' id='word_1_133' title='bbox 305 2641 391 2708; x_wconf 77' lang='lat' dir='ltr'><strong>scriis</strong></span> <span class='ocrx_word' id='word_1_134' title='bbox 409 2641 632 2726; x_wconf 66' lang='lat' dir='ltr'><strong>rogationum</strong></span> <span class='ocrx_word' id='word_1_135' title='bbox 658 2642 689 2707; x_wconf 92' lang='lat' dir='ltr'><strong>in</strong></span> <span class='ocrx_word' id='word_1_136' title='bbox 714 2642 794 2708; x_wconf 89' lang='lat' dir='ltr'><strong>iesto</strong></span> <span class='ocrx_word' id='word_1_137' title='bbox 812 2643 985 2709; x_wconf 85' lang='lat' dir='ltr'><strong>Natiuitatis</strong></span> <span class='ocrx_word' id='word_1_138' title='bbox 1002 2641 1068 2706; x_wconf 86' lang='lat' dir='ltr'><strong>Do&#39;·</strong></span> 
     </span>
    </p>

    <p class='ocr_par' dir='ltr' id='par_1_12' title="bbox 6 2747 709 2816">
     <span class='ocr_line' id='line_1_24' title="bbox 6 2747 709 2816; baseline 0.003 -4"><span class='ocrx_word' id='word_1_139' title='bbox 6 2753 7 2758; x_wconf 76' lang='grc'>’</span> <span class='ocrx_word' id='word_1_140' title='bbox 86 2747 168 2812; x_wconf 93' lang='lat' dir='ltr'><strong>mini</strong></span> <span class='ocrx_word' id='word_1_141' title='bbox 186 2747 303 2816; x_wconf 85' lang='lat' dir='ltr'><strong>suflicit</strong></span> <span class='ocrx_word' id='word_1_142' title='bbox 321 2769 417 2814; x_wconf 90' lang='lat' dir='ltr'><strong>unam</strong></span> <span class='ocrx_word' id='word_1_143' title='bbox 435 2749 566 2814; x_wconf 87' lang='lat' dir='ltr'><strong>missum</strong></span> <span class='ocrx_word' id='word_1_144' title='bbox 584 2749 709 2814; x_wconf 88' lang='lat' dir='ltr'><strong>audire.</strong></span> 
     </span>
    </p>

    <p class='ocr_par' dir='ltr' id='par_1_13' title="bbox 83 2853 1085 3154">
     <span class='ocr_line' id='line_1_25' title="bbox 133 2853 1085 2942; baseline 0.004 -26"><span class='ocrx_word' id='word_1_145' title='bbox 133 2853 221 2938; x_wconf 65' lang='lat' dir='ltr'><strong>cap.</strong></span> <span class='ocrx_word' id='word_1_146' title='bbox 252 2855 317 2920; x_wconf 76' lang='lat' dir='ltr'><strong>Nisi</strong></span> <span class='ocrx_word' id='word_1_147' title='bbox 346 2855 430 2920; x_wconf 90' lang='lat' dir='ltr'><strong>adsit</strong></span> <span class='ocrx_word' id='word_1_148' title='bbox 455 2858 536 2920; x_wconf 88' lang='lat' dir='ltr'><strong>ratio</strong></span> <span class='ocrx_word' id='word_1_149' title='bbox 564 2855 774 2942; x_wconf 86' lang='lat' dir='ltr'><strong>dispensans:</strong></span> <span class='ocrx_word' id='word_1_150' title='bbox 801 2853 915 2934; x_wconf 85' lang='lat' dir='ltr'><strong>Porro,</strong></span> <span class='ocrx_word' id='word_1_151' title='bbox 949 2862 1085 2941; x_wconf 88' lang='lat' dir='ltr'><strong>praeter-</strong></span> 
     </span>
     <span class='ocr_line' id='line_1_26' title="bbox 84 2959 1066 3049; baseline -0.002 -23"><span class='ocrx_word' id='word_1_152' title='bbox 84 2959 362 3047; x_wconf 89' lang='lat' dir='ltr'><strong>dispensatiouem</strong></span> <span class='ocrx_word' id='word_1_153' title='bbox 388 2961 516 3049; x_wconf 85' lang='lat' dir='ltr'><strong>proprie</strong></span> <span class='ocrx_word' id='word_1_154' title='bbox 540 2961 671 3037; x_wconf 89' lang='lat' dir='ltr'><strong>dictam,</strong></span> <span class='ocrx_word' id='word_1_155' title='bbox 691 2960 785 3025; x_wconf 89' lang='lat' dir='ltr'><strong>-in</strong></span> <span class='ocrx_word' id='word_1_156' title='bbox 801 2979 920 3044; x_wconf 80' lang='lat' dir='ltr'><strong>genere</strong></span> <span class='ocrx_word' id='word_1_157' title='bbox 937 2975 1066 3026; x_wconf 85' lang='lat' dir='ltr'><strong>excusat</strong></span> 
     </span>
     <span class='ocr_line' id='line_1_27' title="bbox 83 3065 1062 3154; baseline 0 -22"><span class='ocrx_word' id='word_1_158' title='bbox 83 3065 126 3132; x_wconf 88' lang='lat' dir='ltr'><strong>nb</strong></span> <span class='ocrx_word' id='word_1_159' title='bbox 144 3065 310 3132; x_wconf 90' lang='lat' dir='ltr'><strong>auditione</strong></span> <span class='ocrx_word' id='word_1_160' title='bbox 326 3067 432 3132; x_wconf 83' lang='lat' dir='ltr'><strong>missae</strong></span> <span class='ocrx_word' id='word_1_161' title='bbox 449 3066 603 3154; x_wconf 86' lang='lat' dir='ltr'><strong>quaelibet</strong></span> <span class='ocrx_word' id='word_1_162' title='bbox 620 3086 715 3134; x_wconf 88' lang='lat' dir='ltr'><strong>causa</strong></span> <span class='ocrx_word' id='word_1_163' title='bbox 730 3066 935 3132; x_wconf 88' lang='lat' dir='ltr'><strong>mediocriter</strong></span> <span class='ocrx_word' id='word_1_164' title='bbox 945 3067 1062 3151; x_wconf 76' lang='lat' dir='ltr'><strong>gravis,</strong></span> 
     </span>
    </p>
   </div>
   <div class='ocr_carea' id='block_1_9' title="bbox 80 3267 1065 3503">
    <p class='ocr_par' dir='ltr' id='par_1_14' title="bbox 80 3267 1065 3503">
     <span class='ocr_line' id='line_1_28' title="bbox 116 3267 1065 3335; baseline 0.002 -17"><span class='ocrx_word' id='word_1_165' title='bbox 116 3267 152 3334; x_wconf 89' lang='lat' dir='ltr'><strong>(l)</strong></span> <span class='ocrx_word' id='word_1_166' title='bbox 167 3267 193 3318; x_wconf 88' lang='lat' dir='ltr'><strong>S.</strong></span> <span class='ocrx_word' id='word_1_167' title='bbox 209 3269 266 3334; x_wconf 80' lang='lat' dir='ltr'><strong>big.</strong></span> <span class='ocrx_word' id='word_1_168' title='bbox 288 3283 317 3322; x_wconf 91' lang='lat' dir='ltr'><strong>n.</strong></span> <span class='ocrx_word' id='word_1_169' title='bbox 331 3270 392 3322; x_wconf 70' lang='lat'><strong>250.</strong></span> <span class='ocrx_word' id='word_1_170' title='bbox 407 3271 464 3323; x_wconf 78' lang='lat' dir='ltr'><strong>vid.</strong></span> <span class='ocrx_word' id='word_1_171' title='bbox 489 3271 539 3325; x_wconf 87' lang='lat' dir='ltr'><strong>ins.</strong></span> <span class='ocrx_word' id='word_1_172' title='bbox 556 3271 586 3322; x_wconf 82' lang='lat' dir='ltr'><strong>D.</strong></span> <span class='ocrx_word' id='word_1_173' title='bbox 602 3270 777 3334; x_wconf 84' lang='lat' dir='ltr'><strong>Ricboudeau‚</strong></span> <span class='ocrx_word' id='word_1_174' title='bbox 791 3283 849 3335; x_wconf 86' lang='lat' dir='ltr'><strong>cap.</strong></span> <span class='ocrx_word' id='word_1_175' title='bbox 867 3271 908 3334; x_wconf 79' lang='lat' dir='ltr'><strong>te,</strong></span> <span class='ocrx_word' id='word_1_176' title='bbox 923 3285 958 3320; x_wconf 87' lang='lat' dir='ltr'><strong>n.</strong></span> <span class='ocrx_word' id='word_1_177' title='bbox 975 3270 1016 3320; x_wconf 78' lang='lat'><strong>15.</strong></span> <span class='ocrx_word' id='word_1_178' title='bbox 1032 3283 1065 3308; x_wconf 54' lang='lat'><strong>³-</strong></span> 
     </span>
     <span class='ocr_line' id='line_1_29' title="bbox 80 3351 1062 3420; baseline -0.005 -15"><span class='ocrx_word' id='word_1_179' title='bbox 80 3351 203 3405; x_wconf 80' lang='lat' dir='ltr'><strong>Graviter</strong></span> <span class='ocrx_word' id='word_1_180' title='bbox 212 3359 299 3404; x_wconf 88' lang='lat' dir='ltr'><strong>tamen</strong></span> <span class='ocrx_word' id='word_1_181' title='bbox 313 3355 412 3420; x_wconf 80' lang='lat' dir='ltr'><strong>obligat</strong></span> <span class='ocrx_word' id='word_1_182' title='bbox 425 3355 688 3419; x_wconf 83' lang='lat' dir='ltr'><strong>rubricapraecipiens</strong></span> <span class='ocrx_word' id='word_1_183' title='bbox 705 3355 861 3405; x_wconf 86' lang='lat' dir='ltr'><strong>ablutionem</strong></span> <span class='ocrx_word' id='word_1_184' title='bbox 877 3354 926 3404; x_wconf 91' lang='lat' dir='ltr'><strong>loci</strong></span> <span class='ocrx_word' id='word_1_185' title='bbox 944 3355 968 3402; x_wconf 91' lang='lat' dir='ltr'><strong>in</strong></span> <span class='ocrx_word' id='word_1_186' title='bbox 986 3366 1062 3416; x_wconf 76' lang='lat' dir='ltr'><strong>utrem</strong></span> 
     </span>
     <span class='ocr_line' id='line_1_30' title="bbox 81 3434 959 3503; baseline 0.001 -17"><span class='ocrx_word' id='word_1_187' title='bbox 81 3434 199 3503; x_wconf 82' lang='lat' dir='ltr'><strong>incidunt</strong></span> <span class='ocrx_word' id='word_1_188' title='bbox 208 3448 287 3488; x_wconf 79' lang='lat' dir='ltr'><strong>sacrae</strong></span> <span class='ocrx_word' id='word_1_189' title='bbox 301 3438 401 3501; x_wconf 91' lang='lat' dir='ltr'><strong>specics</strong></span> <span class='ocrx_word' id='word_1_190' title='bbox 416 3438 477 3500; x_wconf 88' lang='lat' dir='ltr'><strong>vini,</strong></span> <span class='ocrx_word' id='word_1_191' title='bbox 494 3439 628 3502; x_wconf 78' lang='lat' dir='ltr'><strong>cumipse</strong></span> <span class='ocrx_word' id='word_1_192' title='bbox 643 3437 808 3490; x_wconf 89' lang='lat' dir='ltr'><strong>imbibantur.</strong></span> <span class='ocrx_word' id='word_1_193' title='bbox 958 3446 959 3449; x_wconf 72' lang='grc'>’</span> 
     </span>
    </p>
   </div>
   <div class='ocr_carea' id='block_1_10' title="bbox 0 0 1282 3812">
    <p class='ocr_par' dir='ltr' id='par_1_15' title="bbox 0 0 1282 3812">
     <span class='ocr_line' id='line_1_31' title="bbox 0 0 1282 3812; baseline 0 2"><span class='ocrx_word' id='word_1_194' title='bbox 0 0 1282 3812; x_wconf 95' lang='lat' dir='ltr'><strong> </strong></span> 
     </span>
    </p>
   </div>
  </div>
 </body>
</html>
