2550 3810
576 49 755 118 ...ὃῖ-.-

174 196 291 282 ¹dinem
309 197 430 278 (ritum)
446 193 697 273 Melchisedech,
714 193 803 280 qood
829 191 1025 258 morihoiunt
1042 207 1098 257 cst
1118 213 1169 260 sa-

180 303 336 372 crifloium
353 301 618 382 eucharisticum,
630 311 664 368 ut
679 306 779 389 suprt
792 297 1009 366 ostendimus.
1023 299 1124 365 Porro
1139 299 1169 372 si

180 405 325 476 Christus
340 407 439 495 hujus
459 407 606 474 ssoriflcii
630 405 854 484 ulciscendos,
872 405 999 492 eoipso
1022 402 1095 491 ejus
1115 412 1169 470 est

181 513 328 582 minister
343 515 540 604 principalis.

222 621 576 689 sensissemus
599 620 745 688 Christus
766 639 825 708 per
847 617 919 688 huc
945 617 1066 686 verbu:
1087 621 1169 716 ‘Hoc

180 739 228 794 est
238 747 357 816 corpttr
369 749 518 795 mecm...
534 727 596 793 Hic
612 739 658 793 ert
677 726 766 794 ends
791 725 963 812 conpulsis
978 725 1055 793 orei.
1073 725 1167 794 Unde

180 839 247 906 sio:
265 837 418 927 pretiosa
435 836 533 904 verbs
549 837 581 904 in
598 835 732 904 nomine
752 835 930 902 sacerdotis
955 834 1091 924 proluis,
1110 837 1164 910 rel
1267 867 1268 874 ¹

177 955 286 1012 essent
301 942 496 1022 inefficaciu3
510 943 574 1022 vel,
599 943 626 1009 si
643 955 750 1010 essent
777 941 933 1022 efficacis,
957 941 1021 1008 sub
1038 941 1164 1030 speeie·
1267 963 1268 968 ’

182 1050 243 1118 bus
260 1051 352 1140 punis
364 1062 395 1116 ct
419 1050 483 1117 vini
500 1049 718 1138 producerent
734 1069 852 1137 corpus
864 1061 896 1114 et
916 1046 1107 1133 sanguinem
1116 1070 1166 1116 sn·

180 1155 332 1235 cerdone,
344 1176 408 1220 non
430 1161 507 1222 vero
520 1177 637 1244 corpus
650 1168 682 1222 et
703 1155 895 1240 sanguinem
915 1151 1031 1220 Christi
1044 1176 1054 1219 r
1068 1174 1161 1240 ergo,

178 1265 253 1328 crim
263 1261 296 1327 in
306 1259 505 1329 Eucharistit
515 1263 713 1352 producetur
726 1261 843 1328 Christi
859 1281 991 1350 eorpus,
1006 1281 1072 1328 non
1084 1281 1161 1350 pro-

178 1367 329 1436 feruntur
339 1369 471 1436 nominc
486 1369 678 1447 sacerdotis,
692 1369 776 1435 bend
788 1375 865 1434 vero
877 1368 1010 1434 nomine
1028 1367 1160 1436 Christi.

54 1505 59 1514 ·
179 1475 317 1543 Proinde
329 1475 474 1544 Christus
495 1489 544 1544 est
553 1475 735 1565 proecipuus
752 1473 1067 1542 ministersscrificii.

223 1583 282 1649 Pr.
303 1581 352 1649 5¹.
372 1581 496 1652 Concil.
510 1581 600 1649 Trid'.
621 1601 702 1649 sess.
727 1581 783 1659 Ὦ,
805 1603 877 1670 cup.
905 1581 943 1647 2:
969 1564 1163 1650 ldemnttrsc

78 1695 83 1701 “
178 1689 316 1774 offerens
332 1685 499 1770 (Christus)
521 1686 744 1753 sacerdotum
741 1685 931 1764 ministerio,
948 1687 1006 1777 ptri
1019 1687 1163 1772 serpsctm
1267 1719 1268 1724 ¹

179 1807 254 1862 wne
265 1797 299 1862 in
312 1814 407 1860 cruce
427 1793 552 1874 obtolit,
570 1793 640 1861 sold
653 1795 810 1880 offerendi
824 1794 953 1862 ratione
968 1793 1113 1862 dioecesi.

122 1900 130 1912 “
223 1901 435 1970 hesscerdos
448 1899 892 1970 estmmrstersecundsrrus
883 1922 915 1966 m
926 1921 1022 1968 sensu
1034 1901 1161 1969 stricto

223 2008 282 2074 Pr.
296 2007 365 2074 Unh
376 2009 490 2076 etdem
500 2008 638 2095 actione,
657 2009 900 2075 consecratione
916 2007 1050 2088 scilicet,
1061 2009 1160 2077 simul

179 2113 351 2180 conficitur
376 2129 613 2182 sacromentum
640 2127 671 2182 et
689 2113 824 2183 offertur
846 2114 1058 2195 sacrificium
1081 2135 1160 2202 ergo

177 2217 325 2284 minister
338 2221 595 2288 scemmcntiest
607 2222 703 2290 etinrn
719 2221 867 2290 minister
881 2221 1042 2289 sacrificii.
1058 2225 1159 2293 Porro

176 2322 328 2390 sacerdos
345 2335 393 2390 est
409 2325 554 2402 minister
569 2328 699 2418 proprie
709 2325 814 2400 dictus
830 2329 1036 2420 sacrementi,
1054 2341 1092 2396 ut
1101 2349 1159 2398 str-

112 2475 113 2480 κ
176 2435 233 2521 pro
248 2431 469 2520 probavimus,
483 2455 561 2522 ergo
578 2445 611 2503 et
623 2435 770 2504 minister
785 2438 945 2530 sacrificii.

223 2537 260 2604 5⁰
268 2538 393 2606 Fideles
403 2553 479 2608 sunt
495 2543 632 2612 ministri
650 2544 682 2612 in
695 2544 760 2612 leto
776 2565 898 2612 sensu:

221 2634 279 2710 Pr.
299 2643 464 2734 Multiplici
485 2668 583 2715 sensu
599 2647 712 2714 fideles
728 2648 883 2716 dicuntur
898 2647 1016 2715 olierre
1032 2647 1158 2718 sacrifl-

162 2751 262 2818 oium
276 2773 284 2817 ε
298 2788 345 2802 --
359 2753 502 2837 gerreroli
518 2774 616 2822 sensu
637 2773 751 2823 omnes
768 2755 880 2824 fideles
896 2754 1128 2828 comministri
1147 2778 1157 2840 3

105 2921 107 2923 ,
178 2856 254 2944 quic
283 2857 434 2927 sacerdos
463 2858 495 2926 in
519 2875 594 2928 ectu
609 2861 757 2928 sacrificii
780 2860 954 2930 Ecclesiam
972 2861 1157 2934 universnm

175 2975 398 3050 repraesentor,
416 2965 553 3054 proinde
571 2967 714 3055 quodem
727 2987 825 3036 sensu
841 2968 905 3037 dici
927 2975 1033 3057 potest
1047 2969 1157 3054 Eccle-

175 3066 255 3132 sium
281 3089 340 3155 per
364 3071 564 3139 sacerdotem
589 3071 708 3141 offerre
731 3073 953 3155 sucrificium,
964 3111 1008 3126 -·
1023 3075 1156 3164 speciali

173 3169 273 3235 modo
295 3173 575 3244 dicunturoherre
591 3179 785 3248 sacrificium
799 3201 859 3270 per
877 3181 1103 3251 sacerdotem·
1117 3181 1156 3248 fr·

163 3269 277 3349 deles,
298 3276 441 3358 quornm
455 3266 588 3374 nomine
611 3283 783 3370 speciatim
795 3285 949 3366 offertum
966 3287 1023 3374 qui
1040 3286 1155 3360 minis

175 3375 260 3436 trent
275 3377 447 3459 sucrifici03
463 3383 645 3468 assistentes
656 3391 711 3480 qui
724 3389 851 3458 interno
862 3390 980 3464 adesto
993 3393 1154 3468 snocrdoti
