2536 3826
350 74 358 91 .
477 87 652 168 „25-

87 237 207 326 Ergoad
225 237 409 324 Episcopus.
420 244 451 300 ct
468 235 508 298 ad
527 233 733 308 litostratum
746 233 884 322 perfines
900 238 1053 323 predico

86 353 236 430 potestas,
267 340 295 405 si
325 337 472 424 Episcopi
490 336 549 402 soli
573 334 649 423 juce
673 337 864 406 conveniant
888 339 1052 412 Conciliis.

88 452 173 516 Porro
186 469 238 514 rcs
251 447 296 512 ita
309 451 376 510 est:
393 443 424 507 l.
439 441 621 534 Aliquando
629 442 689 514 soli
702 443 847 533 Episcopi
858 446 1055 519 adsconcilia

88 566 168 622 cram
184 549 364 622 convocati.
392 547 426 614 2.
458 547 612 631 Quando,
643 557 760 636 praetcr
780 551 975 642 Episcopus,
996 548 1054 620 alii

89 659 231 726 Conciliis
251 659 453 734 intererant,
472 654 613 721 decretis
628 674 694 721 non
709 655 976 742 subscribebant,
1002 647 1054 730 vni

91 765 210 829 tantiam
224 762 368 849 sequenti
384 759 483 827 modo
496 782 504 824 ι
518 755 723 844 Subtemen
735 760 814 827 dnm
830 761 976 851 Episcopi
995 765 1057 834 hac

94 867 306 936 subscribendi
321 864 462 934 formula
477 863 671 935 utebantur:
688 867 759 952 Epo
777 868 958 954 Episcopus
979 873 1058 958 defi-

90 979 182 1058 niens,
193 977 241 1046 rel
257 986 415 1054 statuens,
433 973 483 1042 uel
492 975 650 1058 judicans
665 975 857 1061 subscripsi.
878 975 912 1042 5.
926 978 964 1046 ln
975 981 1055 1048 acti-

93 1083 147 1150 bus
158 1081 390 1160 ccclesiasticis,
400 1081 529 1148 decreta
540 1080 757 1166 conciliorum
768 1081 1060 1156 dicuuturslacactc
1076 1070 1094 1125 ’ὓ

94 1188 338 1278 Episcopcrum,
363 1192 532 1274 nunquam
548 1195 625 1254 verb
640 1189 768 1260 decreto
779 1191 1058 1278 presbytororum.

95 1293 178 1380 Ergo.
1041 1327 1044 1335 ·

134 1399 168 1464 5⁰
181 1401 320 1486 Arqom.
336 1381 473 1492 tlacotop.
493 1396 574 1466 Cum
594 1395 841 1466 ministerium-b
858 1400 983 1472 Christo
995 1406 1062 1474 ins·

94 1506 214 1574 titutum
230 1506 272 1572 sit
286 1523 505 1590 permanens,
524 1509 665 1591 potestas
689 1522 764 1590 quae
783 1523 934 1574 concessa
956 1509 1062 1577 luerat

94 1609 260 1697 mortuiis,
282 1609 317 1674 in
342 1607 538 1694 quibusdam
563 1606 713 1674 Ecclesiae
737 1609 896 1677 membris
920 1611 1063 1690 residere

99 1716 198 1783 debet
211 1717 294 1802 Ergo
317 1713 469 1802 praedicta
482 1725 626 1801 'potestus
646 1727 708 1784 stat
724 1735 824 1804 penes
842 1717 1015 1808 Episcopus
1030 1729 1064 1787 ct

96 1842 187 1910 penes
200 1823 287 1911 ipsos
298 1824 435 1900 tantum,
453 1820 480 1888 si
497 1820 529 1886 in
545 1819 709 1907 Scriptura
717 1833 751 1886 et
766 1821 965 1904 Traditionc,
986 1827 1063 1896 solis

96 1926 307 1996 monumentis
315 1946 374 2014 per
388 1945 464 2013 quac
476 1925 775 2014 nobistrauamissce
791 1927 922 1998 lucr‘unt
937 1932 1065 2002 institu-

95 2036 194 2103 tiones
210 2033 412 2112 Christianae,
440 2031 561 2100 mentio
585 2032 627 2097 sit
638 2031 683 2098 de
700 2023 866 2118 Episcopis
881 2046 913 2102 et
928 2035 1063 2123 deipsis

95 2146 233 2206 tantiam.
249 2141 348 2206 Porro
363 2146 540 2224 utrumqne
555 2143 642 2224 patet
664 2153 701 2200 ex
716 2135 847 2202 duobus
867 2142 1067 2264 argumentis

95 2247 241 2334 superius
257 2245 419 2332 expositis.

136 2354 173 2418 4ο
184 2351 345 2418 Auctorit
368 2351 490 2416 Ecclcs.
506 2348 643 2424 Ecclesia
660 2349 817 2421 catholica
834 2351 875 2420 de
899 2353 963 2422 lide
979 2361 1068 2424 tenet

98 2459 345 2548 propositionem
361 2455 402 2522 dc
416 2463 480 2543 qna
492 2474 580 2524 nnnc
595 2456 712 2544 agitur.
730 2456 882 2536 inseritis,
901 2479 959 2546 per
970 2481 1066 2545 argu·

101 2577 198 2632 menta
215 2584 291 2652 qnae
313 2582 380 2630 non
404 2563 546 2649 pendant
571 2568 591 2629 a
612 2561 791 2651 quaestiona
807 2565 971 2648 pcaesenti,
991 2585 1069 2650 pro·

100 2669 223 2738 babitus
248 2662 423 2736 Ecclesiam
446 2665 638 2738 catholicam
665 2681 737 2733 esse
762 2685 872 2734 ueram
892 2667 1070 2742 Ecclesiam

100 2773 359 2846 indefectibilcm.
379 2774 474 2860 Ergo
602 2816 607 2820 -

142 2883 184 2948 ll.
198 2883 338 2967 Arpcm.
352 2883 505 2967 speciata,
522 2901 581 2968 per
592 2881 680 2969 quod
695 2882 895 2970 probaturit
907 2907 981 2974 pars
996 2835 1072 2974 pro·

102 2988 276 3074 positionis,
294 2985 437 3054 scilicet:
455 2989 502 3054 od
514 2989 695 3091 Episcopus
718 2992 843 3058 tactim
854 2993 996 3076 perterret
1003 2994 1074 3074 pto

103 3094 208 3160 citudo
221 3095 603 3182 potcstatisopostolicoe:

144 3201 204 3268 Res
217 3202 332 3280 ilicet,
347 3191 1076 3322 sihaecplcpapotcstasnonresidcutinolere

105 3305 418 3388 ordinisipierioris3
436 3328 496 3374 ncc
516 3308 548 3372 in
569 3303 670 3382 laicis,
691 3303 757 3369 sive
777 3293 989 3416 principibus,
1011 3304 1078 3374 site

27 3425 28 3428 ’
104 3409 479 3502 simplicibussubjcctis.
500 3409 606 3495 Atqui,
699 3427 700 3432 ¹
