2550 3810
593 119 772 196 ...og-

184 263 373 362 Apostolieis
385 265 462 339 alias
476 269 620 358 liturgias
630 273 817 340 substitutas
830 267 938 352 luisse,
952 287 1007 338 aut
1019 271 1169 360 liturgias

183 377 381 467 apostolicas
407 378 505 446 luisse
539 380 791 452 substantialiter
815 379 1023 448 aaltrlteratas.
1053 377 1168 462 Porro,

185 485 255 552 luuc
265 485 450 552 substitutio
462 495 517 552 aut
529 485 720 554 adulteratio
733 487 857 552 admitti
871 506 934 551 non
950 495 1065 573 potest.
1083 487 1169 570 Quia

186 599 218 670 l.
234 625 297 668 non
316 603 483 691 probatur.
503 601 587 688 Quia
603 601 636 670 ἓ.
658 602 709 670 vel
726 597 804 670 laeta
820 601 976 670 'inissetis
1001 605 1168 684 fluetibus,

184 711 236 780 uel
262 715 280 778 b
307 713 510 798 pastoribus:
529 713 555 779 si
586 711 687 799 priris,
716 711 945 779 reclamassent
966 721 1125 798 pastores,
1140 709 1169 778 si

186 801 359 906 postoriiu,
379 817 513 897 litleles3
532 817 674 884 tellecta
690 817 832 884 taisson
850 817 981 894 Grauis,
1004 818 1053 884 rel
1074 825 1092 884 a
1110 819 1170 888 la·
1269 835 1271 844 ’

184 923 276 992 linis:
291 925 317 992 si
330 925 434 1012 ptius,
445 923 672 992 reclamassent
683 915 796 1002 Latini,
815 924 840 989 si
854 925 1030 1011 postor-tus,
1049 921 1170 1002 Graece

184 1031 325 1098 tellecta
344 1030 485 1099 inissetis
502 1029 686 1108 Catholicis,
705 1029 753 1096 vel
767 1029 809 1094 ab
821 1029 1003 1096 luerctieis:
1022 1029 1047 1095 si
1058 1029 1164 1116 prius,

185 1137 415 1204 reclamassent
431 1137 586 1216 baeretici,
604 1138 631 1202 sl
644 1135 816 1224 posteritas,
835 1135 1002 1202 Catlroliei.
1022 1135 1116 1223 Atqui
1129 1136 1172 1206 de

184 1243 236 1312 bis
252 1243 535 1310 reclamationibus
552 1254 636 1312 tacet
651 1239 783 1311 historia
800 1238 1030 1311 ecelesiastica.

230 1347 470 1435 liturgicarum
483 1349 642 1436 Apostolis
661 1371 727 1416 non
744 1348 966 1416 attribuuntur
988 1357 1063 1414 sunt
1075 1348 1171 1436 Apos-

185 1453 354 1538 tolicorum
375 1455 581 1542 liturgiarum
606 1455 860 1522 modificationes
890 1455 1174 1522 accidentales.—

187 1561 254 1636 Hoc
270 1569 394 1630 constat
417 1583 455 1628 et
483 1583 594 1630 aarum
612 1561 840 1632 cormortlantia
865 1561 1068 1632 substantiali
1096 1581 1171 1630 eum

186 1665 324 1751 liturgiis
346 1666 547 1755 Apostolicis.

234 1773 271 1838 5⁰
294 1773 442 1860 liturgiae
458 1773 554 1842 simul
571 1784 709 1862 sumptio
726 1775 930 1841 manilcstaot
949 1774 1046 1840 fldem
1066 1767 1172 1840 liccle·

188 1881 246 1948 sioe
259 1881 460 1958 universalis.
471 1881 550 1948 llam
564 1879 605 1947 ab
618 1881 781 1969 Episcopis
793 1879 1038 1968 ‘praecipiamus
1053 1885 1070 1946 b
1084 1880 1173 1950 clero

188 2003 220 2056 et
233 1985 385 2058 litlelibus
398 1990 625 2068 admittuntur,
644 1989 685 2056 ab
700 1988 855 2057 omnibus
884 1989 1111 2067 observantur,
1125 2009 1173 2054 er·

189 2095 737 2192 gomanilestantlitlemlicelesioe.

236 2205 317 2285 Ergo
333 2202 485 2280 exsuctis,
503 2202 673 2268 traditione
690 2203 819 2270 Patrem
847 2216 879 2269 et
893 2199 1030 2286 liturgiis
1048 2209 1175 2268 constat

193 2307 390 2375 Glaristianos
407 2328 472 2373 non
486 2307 657 2374 innovasse
668 2309 751 2374 circa
770 2309 891 2396 dogma
906 2307 1085 2398 praesentiae
1101 2327 1174 2374 rea·

193 2411 245 2477 lis.
1079 2423 1081 2426 ’

238 2517 280 2586 tt.
299 2517 366 2586 toro
383 2517 554 2588 Christiani
567 2541 631 2588 non
649 2529 823 2609 potuerunt
840 2519 1013 2586 innovare:

235 2624 444 2711 lmpossibilis
458 2621 517 2691 luit
542 2625 704 2692 innovatio
724 2625 809 2690 eirca
831 2625 948 2708 dogrna
967 2624 1170 2694 Gatbolicum

192 2733 234 2797 dc
253 2731 435 2820 septenario
454 2743 729 2798 sacramentorum
752 2749 902 2810 numero,
921 2737 1033 2820 argob
1059 2732 1176 2820 pariet

193 2931 237 2980 no,
252 2919 296 2984 qrrl
314 2932 405 2982 annom
422 2919 532 2984 aceepit,
551 2917 638 2984 tregit.
654 2945 686 2956 -
701 2915 790 2980 Quoad
806 2917 927 2970 osculum
938 2918 1019 2980 pacis·
1031 2921 1090 2966 anto
1105 2929 1178 2966 eom

193 3000 340 3048 munionem
355 2999 433 3050 tradit
447 2995 581 3065 Origenes,
597 3000 621 3046 in
637 3012 679 3062 en.
698 2997 730 3048 ad
745 2997 819 3048 Rom.
835 3013 849 3039 a
866 2996 903 3046 Ex
917 2996 966 3046 hoc
983 3007 1104 3046 sermone
1119 2997 1175 3058 (su-

194 3075 278 3128 latate
287 3080 404 3129 tutricem
413 3080 444 3129 to
458 3080 547 3130 arculo
557 3079 660 3138 sancto,
676 3077 750 3126 Rom.
767 3076 808 3134 tu,
820 3076 860 3139 16)
871 3089 928 3125 mos
938 3075 1057 3126 ecelesiis
1067 3073 1180 3126 traditus

196 3159 236 3202 ert
250 3161 278 3203 ut
304 3162 363 3217 nost
389 3156 519 3206 orationes
540 3157 628 3206 osculo
643 3156 754 3206 inuicem
771 3167 800 3205 se
819 3154 945 3218 recipiant
965 3153 1069 3204 batres.
1087 3169 1098 3199 a
1115 3153 1183 3226 Viti..

195 3229 273 3278 etiam
296 3231 324 3280 S.
349 3233 434 3295 Cyritb
450 3230 553 3284 llieros.
575 3234 625 3284 loe.
640 3235 686 3284 oit.
700 3259 734 3270 -—
747 3235 784 3283 lte
799 3229 850 3290 laio,
871 3245 937 3302 ottae·
948 3231 1084 3284 brevitatis
1097 3223 1177 3284 cab-sb

196 3311 341 3356 srnumatlm
350 3309 622 3374 tradicaeimnsmmuet·
629 3311 802 3379 [sunamidem.
813 3313 917 3372 litura„
924 3313 1084 3373 liastmona
1091 3314 1179 3374 cattio.

198 3383 257 3466 eret.
270 3384 327 3442 ru..
338 3385 449 3447 Lobana,
468 3390 575 3450 Bantia.
590 3391 656 3440 aeto
676 3403 765 3451 measa,
781 3397 802 3440 t.
821 3389 1067 3452 lll,rid.onusltev.
1080 3390 1178 3442 otdoc-

199 3453 291 3506 ausint
306 3457 333 3506 Ρ.
348 3455 411 3510 bom
425 3462 581 3528 subroget,
596 3467 995 3528 uuuaussotosmoosis,1ustr't.
1011 3469 1105 3532 lutera.
1121 3476 1141 3520 t.
1156 3470 1175 3520 l.
