2562 3810
455 85 499 152 4-
525 87 592 166 9t5
615 137 656 150 -·

57 237 170 305 poeuae
182 215 390 304 temporales.
406 215 439 280 Ξ.
460 215 693 298 Argumentum
717 236 753 282 ex
771 215 848 282 Nor.
865 217 951 284 Test.
969 237 999 281 r.
1016 237 1048 302 g.

3 315 4 318 ¹
56 346 99 392 cx
114 323 373 392 veuiboonecssd
391 319 578 408 paralytico,
601 321 729 388 mulieri
743 321 920 410 poenitenti,
945 323 1051 400 Petra,

55 429 206 508 latroni,
241 429 470 514 desumptum,
496 435 586 494 mere
620 429 804 512 negativum
828 443 886 496 est.
914 428 1051 496 Aliunde

56 539 151 606 ilerit
170 538 298 616 Petrus,
317 536 492 622 etquidem
515 541 700 602 amarcttoto
714 537 785 610 vilre
802 557 870 604 suae
890 549 1050 624 tempore,

51 649 235 735 ipsumque
252 642 446 732 supplicium
465 643 569 709 erucis
598 643 755 730 patienter
771 643 944 713 toleratum
966 647 985 710 b
1006 644 1051 710 la-

54 769 157 820 trenc
169 751 272 838 potuit
284 751 316 816 in
330 749 581 816 satisfactionem
600 749 722 816 offerri.
1046 817 1050 822 ,

62 924 65 928 ,
103 859 153 924 Ad
171 857 240 922 2⁰⁰¹.
270 855 420 942 Magnum
439 855 660 944 poenitentiam
693 857 775 922 inter
794 870 825 922 et
851 857 1050 946 baptismum

52 965 238 1032 discrimen
269 964 449 1029 intercedit.
478 963 646 1050 Siquidem
671 960 849 1052 baptismus
866 985 1051 1032 sacramen·

53 1088 130 1139 tum
154 1083 203 1136 cst
232 1070 456 1146 innovationis,
482 1072 654 1148 lavacrum
685 1071 957 1165 reponeretioar'r,
983 1093 1049 1160 qrro

53 1177 201 1268 proinde
214 1177 320 1242 omnis
337 1177 464 1244 deletur
476 1176 570 1264 eulpa
589 1185 620 1244 ct
636 1198 753 1264 poena;
775 1179 959 1265 poenitentia
973 1184 1049 1246 verb

52 1296 302 1357 sacramentum
322 1296 369 1350 est
385 1265 573 1374 sanationis,
599 1283 783 1350 laboriosor
804 1283 994 1370 baptismus,
1015 1301 1050 1356 ut

53 1394 181 1460 docent
199 1391 320 1470 Patres,
340 1391 481 1477 idebquc
493 1391 641 1478 proprios
660 1392 794 1480 requirit
811 1391 938 1460 labores
952 1394 1050 1482 preni-

53 1499 172 1566 tentis.
185 1497 387 1575 -Aliunde,
408 1501 482 1564 elam
500 1498 645 1582 graviora
663 1499 726 1564 siut
740 1513 868 1585 peecata
883 1521 957 1588 quac
978 1510 1050 1588 post

52 1606 260 1694 baptismum
275 1596 512 1692 perpetrantur,
536 1607 655 1672 divium
668 1607 805 1689 justitior
817 1609 902 1672 rotie
922 1609 1049 1692 cripere

52 1715 236 1782 videtur...
252 1726 314 1778 ete.
333 1712 405 1782 Vid.
426 1721 504 1780 text.
522 1711 622 1780 Cone.
641 1712 730 1778 Trid.
755 1734 836 1778 sess.
868 1713 921 1794 li,
940 1735 1010 1801 cap.
1027 1715 1047 1780 8

3 1909 4 1914 ἵ
53 1842 155 1910 supr,
177 1820 230 1886 ait.
250 1827 282 1887 et
298 1841 378 1890 sess.
395 1819 428 1900 6,
448 1841 519 1906 eap.
538 1819 594 1889 ll.

104 1925 154 1992 Ad
169 1924 237 1990 5⁰¹⁰.
266 1925 297 1990 l.
313 1923 468 1992 tircano.
486 1923 576 1989 Trid.
601 1922 749 2008 sequitur
771 1924 894 1989 tantiam
916 1923 946 1992 in
970 1947 1046 2013 pur·

52 2031 188 2120 guterio
220 2030 425 2098 subeundam
450 2051 521 2099 esse
538 2050 664 2116 prunam
680 2029 890 2116 temporalem
909 2051 982 2116 quae
1013 2032 1045 2096 in

4 2119 5 2124 ἵ
52 2137 216 2230 praesenti
234 2138 295 2202 ritb
313 2137 416 2203 soluta
436 2159 500 2202 non
521 2137 601 2216 iuit3
625 2137 757 2206 minime
778 2145 854 2203 rcrb
872 2137 994 2203 bomini
1007 2139 1046 2202 li-

53 2251 182 2316 berum
203 2265 274 2312 esse
297 2245 492 2312 solutionem
515 2265 618 2334 poenae
640 2245 825 2332 temporalis
846 2246 886 2310 ad
908 2244 1045 2314 alterum
1123 2253 1128 2261 '

54 2353 221 2422 saeculum
240 2354 415 2437 remittere.
431 2354 513 2420 bia
532 2352 650 2440 specie,
670 2355 777 2440 quoad
797 2353 1045 2420 satisfactionem

53 2471 72 2529 a
87 2459 267 2528 sacerdote
280 2459 480 2548 injunctam:
499 2481 655 2545 negamus
670 2462 878 2546 poeuitentem
903 2483 976 2528 eam
996 2484 1046 2528 re·

53 2587 180 2638 eusare
207 2588 314 2655 posse.
339 2567 521 2654 Siquidem,
548 2581 582 2632 ut
600 2567 752 2646 diximus,
779 2569 923 2636 ministro
943 2567 998 2656 jus
1015 2584 1047 2634 ot

53 2675 256 2762 regulariter
272 2675 419 2742 officium
435 2675 594 2743 incumbit
610 2675 858 2742 satisfactionem
876 2677 1046 2764 imponen-

53 2787 105 2862 di,
124 2782 192 2848 sire
209 2783 248 2846 ad
265 2782 480 2867 integritatem
496 2782 686 2848 sacramenti
709 2783 958 2868 procurandam,
980 2771 1047 2848 sire

52 2893 101 2960 ob
126 2889 207 2956 alios
232 2889 313 2956 fines
335 2890 486 2976 superbis
508 2890 702 2956 enuntiatas.
725 2889 873 2964 Proinde,
895 2902 929 2952 ut
951 2888 1047 2953 ratio·
1127 2920 1132 2930 ·

51 3003 191 3068 ciuntur
206 2997 328 3063 Bnned.
349 2997 430 3075 XlV,
450 2995 558 3062 officio
585 2993 719 3060 ministri
740 2994 913 3080 respondet
939 2981 1047 3058 eorre-

51 3106 197 3176 lativum
212 3103 357 3172 oliieium
383 3117 531 3192 respectu
549 3102 732 3192 paenitentis
750 3103 806 3183 (ll.
833 3103 949 3186 erold
971 3111 1047 3180 rerb

90 3309 132 3374 (t)
147 3306 205 3358 Vid.
219 3309 314 3361 bened.
330 3310 393 3371 xlv,
408 3309 516 3363 constit.
528 3312 603 3360 Inter
613 3311 763 3371 pruterttos
773 3311 783 3374 ξ
795 3311 837 3370 65,
849 3309 942 3359 bullar.
951 3309 1047 3372 bened.

49 3401 124 3444 tom.
141 3389 187 3449 lli,
207 3403 233 3440 n.
252 3390 295 3444 21.
314 3391 383 3442 Edit.
404 3389 523 3440 Meeblin.
544 3390 596 3442 rol.
619 3391 683 3450 Vlll,
701 3405 759 3454 pap.
780 3393 837 3442 tto.
852 3419 886 3428 —
900 3391 1049 3440 Terruerunt

50 3474 168 3542 quidem
184 3472 284 3534 scotus,
302 3473 393 3522 Naror.
410 3471 503 3534 aliique
518 3472 633 3534 theologi
656 3473 820 3534 pmrriteutem
837 3485 956 3522 recusare
973 3485 1048 3535 prrsse
