2556 3812
565 155 610 170 ·-·
633 119 763 186 181-

184 269 262 337 sivo.
289 271 434 360 Episcopi
449 279 555 338 tamen
573 293 611 339 11
627 271 804 360 privilegio,
832 268 889 336 vcl'
907 267 1170 346 consuetudine.

186 359 395 464 possunthoc
412 392 538 467 tempus
555 401 613 467 pro
639 377 886 446 circumstantiis
909 395 1098 464 prorogare,
1126 389 1163 442 ut

185 485 302 572 passim
321 486 435 552 solent.
448 486 481 553 S.
497 487 567 572 Lip.
585 487 642 567 (1).

230 593 303 659 llaec
320 607 426 659 autem
444 594 667 659 determinatio
692 613 756 658 non
775 591 810 656 ut
827 593 865 656 ad
891 590 1082 668 finiendam,
1100 591 1159 657 sed

184 700 290 787 potiirs
301 701 339 764 nd
355 702 530 782 urgentiam
543 701 783 784 obligationem.
798 700 900 776 Unde,
912 697 1000 784 juxta
1014 719 1157 762 commu·

185 805 309 873 niorem
327 807 616 895 etprobcbiliorem
640 807 841 883 sententiam,
858 807 910 892 qui
929 819 1073 890 tempore
1085 827 1160 890 pas·

185 912 268 978 clrali
297 915 559 980 communionem
585 914 704 991 omisit,
738 912 810 977 licet
828 933 890 976 non
919 910 1157 996 adimpleverit,

185 1017 322 1105 necjitm
340 1019 515 1108 adimplere
538 1021 635 1108 possit
652 1033 773 1107 partem
805 1018 884 1102 legis
905 1037 979 1104 quac
1006 1017 1159 1104 praescri-

186 1124 231 1190 bit
245 1129 506 1192 communionem
536 1129 566 1193 in
592 1127 768 1215 paschatc;
794 1126 1004 1192 nihilominus
1029 1133 1171 1191 tenetur·

185 1234 424 1320 quamprimum
442 1236 701 1312 communicare,
721 1233 746 1298 si
764 1237 780 1298 11
799 1233 992 1319 praecedenti
1006 1233 1159 1318 paschate

185 1361 249 1404 non
281 1342 577 1408 communicaverit.
601 1342 766 1428 Siquidem
792 1362 828 1406 ex
847 1339 989 1406 Concilio
1005 1340 1095 1405 Trid.
1116 1347 1158 1406 te-

184 1459 278 1512 netur
294 1448 520 1512 eucharistiam
544 1448 709 1535 suscipcrc
724 1447 862 1532 cinptrlir
885 1448 995 1512 annis.
1012 1445 1157 1510 -Dici-

185 1573 277 1619 mus:
298 1555 362 1618 sid
384 1555 578 1638 procedenti
601 1556 757 1638 poscitote
772 1577 835 1620 non
857 1552 1155 1620 communicaverit.

184 1663 277 1744 Nam,
298 1672 331 1728 ut
351 1665 498 1732 observat
519 1664 691 1743 uilicus,-
718 1666 747 1731 si
771 1668 802 1732 in
818 1667 957 1732 decursu
980 1665 1158 1730 1111111111]-

188 1773 413 1852 municavit,
435 1773 562 1839 videtur
588 1773 675 1860 quod
703 1775 803 1862 possit
826 1773 954 1838 differre
983 1792 1087 1858 usque
1114 1770 1157 1834 ad

189 1879 319 1948 »finem
351 1881 440 1959 unni,
474 1883 692 1969 computando
724 1888 743 1946 a
779 1895 924 1968 tempore
945 1899 1010 1966 quo
1043 1878 1156 1943 ultimo

188 1989 489 2069 »communicavit‚
523 1997 559 2056 ut
589 1990 634 2056 sic
665 1989 746 2054 ultra
773 2009 893 2054 annum
934 2008 998 2052 non
1030 1985 1157 2050 differat

188 2124 203 2155 »
223 2098 507 2176 communionem,
541 2097 627 2184 quod
657 2111 703 2162 est
731 2095 818 2183 quod
845 2093 980 2161 intendit
1011 2111 1157 2180 praecep·

188 2204 392 2282 »wmffln

229 2305 265 2367 3⁰
284 2306 372 2371 Circa
400 2311 522 2372 locum:
538 2306 684 2387 scilicet,
708 2318 836 2376 tenetur
860 2308 1101 2373 communicare
1123 2307 1157 2372 in

183 2412 334 2498 parochia
351 2413 517 2493 domicilii,
545 2415 594 2481 vel
613 2415 893 2502 quasi-domicilii;
913 2413 1092 2500 etquidem
1114 2414 1158 2480 de

184 2539 279 2584 manu
295 2519 438 2606 parochi,
457 2521 507 2585 vel
524 2521 654 2588 alterius
670 2523 844 2590 sucerdotis
858 2522 1002 2610 explicite
1031 2521 1082 2587 vel
1105 2520 1156 2584 in-

184 2627 385 2715 terpretativc
401 2627 551 2713 delegati.

227 2735 371 2802 Dicimus
385 2735 438 2802 lV.
457 2739 522 2803 nisi
536 2737 645 2803 adsint
659 2739 802 2803 rationes
819 2739 1062 2822 dispensantes:
1080 2736 1155 2802 Dis-

183 2858 319 2932 pensant
335 2853 442 2910 autem

229 2951 264 3016 l⁰
280 2953 416 3018 licentia
430 2953 570 3041 episcopi
584 2947 690 3040 quoad
704 2966 829 3040 tempus
843 2967 874 3018 et
885 2953 1011 3032 locum3
1028 2952 1158 3018 licentia

183 3059 314 3142 paroclri
332 3060 437 3144 quoad
454 3060 574 3125 locum.

228 3161 265 3224 2⁰
278 3163 516 3248 impossibilitas
533 3164 660 3253 physica
679 3179 733 3232 aut
750 3165 891 3233 moralis.
918 3167 969 3234 Sic
985 3167 1157 3255 indisposi-

218 3385 644 3458 fflfflmwmmffinw

216 3459 721 3541 mmmmmwmffldml
