2572 3802
501 149 704 216 -547—

552 339 652 396 NOTA

501 489 537 538 od
552 485 624 552 pap:
641 489 699 537 157.

145 627 334 696 liiotis(iuart.
351 631 376 692 l,
391 637 458 695 part.
474 632 601 696 disciplin.
613 635 644 684 de
659 631 756 698 Eucti.)
773 633 1033 700 eiroaobligationem
1048 651 1091 702 ap·

108 712 224 776 plicandi
239 714 342 764 missam
359 728 405 776 pro
423 717 525 778 populo,
542 716 658 765 addentia
671 724 731 765 sunt
745 729 801 779 qnae
819 731 900 780 nuper
921 718 1035 769 decrerit
1049 719 1092 769 SS.

109 795 163 844 uu.
193 795 241 846 NN.
268 797 327 847 Pius
353 798 418 861 Papo
435 799 474 859 lx,
494 800 519 848 in
542 800 1089 863 11111111.11111111111111111111111110111,5

104 879 168 928 muli
184 879 257 929 1838.
284 879 359 930 Hisce
375 880 495 930 videlieet
518 882 610 930 litteris
625 881 749 938 declarat,
775 883 866 931 statuit
880 889 956 946 atque
972 883 1089 933 decernit

107 977 120 1008 1
137 963 273 1023 parochos,
290 965 404 1028 aliosque
418 978 508 1014 ornnes
522 966 663 1013 animarum
678 978 765 1013 euroin
780 972 836 1014 artu
853 973 984 1030 gerentes,
1000 979 1093 1015 saero-

106 1060 118 1090 u
137 1055 253 1096 sanetum
269 1047 349 1097 llissae
363 1047 516 1097 sacrificinm
539 1062 583 1110 pro
604 1047 697 1110 populo
713 1047 763 1096 sibi
782 1048 920 1097 comnrisso
936 1047 1090 1108 celebrare,

106 1140 118 1171 ι
137 1133 164 1176 et
175 1129 302 1190 atrplioare
320 1131 416 1182 debere
431 1132 485 1179 tiam
503 1131 622 1180 oruuilnrs
642 1129 785 1188 dominicis,
801 1131 909 1194 aliisque
924 1130 1031 1193 diebus,
1044 1135 1088 1196 qui

107 1223 120 1254 r
139 1223 170 1260 ex
186 1220 314 1276 praeoepto
329 1213 412 1262 adhue
427 1221 575 1271 servantur,
591 1215 642 1262 tium
657 1212 707 1263 illis
723 1215 808 1271 etiarn,
823 1215 906 1278 quiex
921 1214 996 1278 hujus
1008 1215 1092 1278 Apos-

110 1310 122 1340 u
140 1295 224 1344 tolioae
237 1296 311 1344 Sedis
323 1296 481 1357 indulgentia
497 1311 529 1346 ex
543 1297 641 1346 dierum
656 1297 689 1346 de
704 1304 832 1360 praecepto
846 1295 969 1346 iustorum
985 1311 1092 1350 nurnero

109 1393 121 1424 u
139 1378 243 1436 sirblati,
260 1391 289 1427 ac
304 1379 419 1428 translati
434 1386 503 1437 sunt,
513 1379 785 1442 qrreruadruodirntipsi
797 1380 938 1428 animarum
953 1386 1087 1432 curatores

111 1477 123 1508 a
142 1460 281 1520 depetunt,
294 1461 357 1510 dum
377 1469 518 1511 memorata
544 1464 638 1512 Urbani
653 1463 705 1511 Vlll
722 1462 876 1513 Constitutio
895 1461 1048 1528 (Universa)
1065 1465 1092 1514 iu

110 1561 123 1588 u
142 1544 217 1605 pleno
235 1557 282 1592 suo
292 1546 386 1596 robore
401 1545 511 1608 vigebat,
526 1553 662 1608 antequam
680 1545 764 1595 lestivi
779 1546 811 1594 de
827 1547 1025 1608 praeceptoriis
1041 1548 1092 1596 iru-

111 1640 122 1670 r
140 1623 327 1682 mirnrereutur,
338 1633 364 1674 et
378 1625 588 1676 transferrentur.
601 1627 671 1686 Quini
688 1627 749 1676 verti
764 1629 857 1680 attinet
866 1613 897 1678 ad
909 1629 990 1678 lestos
1005 1636 1092 1680 trans-

110 1722 124 1748 »
141 1705 207 1756 latos
221 1705 277 1757 dies
292 1707 316 1756 id
333 1722 409 1756 unuin
425 1709 577 1770 ancipitum,
594 1717 620 1757 ut
635 1710 733 1758 scilicet
747 1711 848 1772 oriundo
864 1726 912 1762 uua
927 1711 1093 1762 cumsoletn-

111 1806 124 1835 u
143 1789 223 1838 nitate
238 1791 351 1840 tlirinunt
366 1790 475 1840 officiunt
491 1793 640 1840 translatunr
656 1791 733 1840 itterit
747 1793 772 1840 in
792 1793 946 1842 dominicum
957 1794 1094 1851 dirm,utta

112 1887 125 1914 ν
144 1874 242 1922 tanturn
258 1873 333 1922 missa
355 1887 400 1934 pru
420 1875 512 1937 pupulo
528 1875 562 1922 sit
580 1874 595 1922 a
615 1874 733 1936 ptaritcltis
758 1875 917 1936 applicantia,
932 1875 1093 1937 otraudooui·

113 1971 126 2001 »
144 1955 203 2004 deut
221 1955 308 2013 missa,
323 1969 380 2019 quae
405 1957 530 2020 praecipua
544 1957 625 2006 diuini
639 1957 714 2006 officii
733 1971 791 2020 pars
806 1965 855 2015 est,
868 1965 920 2008 'una
939 1957 1015 2008 simul
1034 1972 1093 2008 curn

112 2054 124 2084 u
144 2038 227 2087 olilcio
243 2040 364 2088 translata
389 2039 532 2089 existimari
547 2039 656 2089 (lebet...
671 2040 703 2088 Et
717 2041 836 2102 quoniam
852 2053 902 2088 non
925 2039 1018 2089 tlesunt
1035 2041 1094 2092 aui-

112 2138 124 2168 n
143 2133 242 2180 marum
261 2130 403 2182 curatores,
419 2123 463 2184 qni
481 2123 609 2184 peculiare
631 2121 732 2184 aliquod
748 2121 916 2181 reductionis,
936 2123 972 2170 uti
992 2122 1091 2182 dieunt,

113 2220 126 2248 u
145 2203 271 2254 indultum
287 2206 382 2254 altitio
398 2206 544 2268 apostotici
558 2204 624 2254 Solle
639 2205 783 2265 obtinuere,
803 2205 978 2264 contudimus,
999 2211 1026 2254 ut
1043 2205 1093 2267 ipsi

111 2303 124 2334 n
143 2287 249 2348 hujusce
264 2285 355 2336 indulti
369 2288 494 2338 beneficio
510 2287 605 2350 perlrui
622 2287 809 2351 perganrjnua
824 2293 909 2336 taurim
931 2285 1093 2336 conditiones

112 2387 124 2417 1
143 2370 168 2418 in
188 2369 287 2420 iudnlto
301 2383 446 2433 expressas,
462 2377 489 2420 et
509 2371 590 2420 donee
609 2371 778 2432 parochorum
794 2370 903 2420 officinm
928 2370 1093 2421 exercuerint

111 2468 124 2499 r
142 2451 308 2516 inportunis,
323 2453 423 2517 quasin
437 2455 634 2517 praesentiarum
644 2461 737 2518 regunt
751 2460 779 2506 et
793 2454 980 2506 administrant.
997 2469 1008 2502 n

551 2632 652 2688 NOTA
697 2645 699 2651 ’

485 2769 523 2819 od
540 2769 716 2831 1111111180,

145 2923 316 2984 Quaestionem
331 2923 363 2974 de
379 2923 511 2988 attritione
523 2923 558 2973 sic
569 2920 673 2984 exponit
687 2920 796 2979 Sutrini,
810 2916 1091 2972 1'teoi.morat.tlact.

111 3007 157 3068 iu,
173 3007 239 3070 disp.
257 3009 282 3068 l,
301 3021 357 3070 cap.
373 3007 399 3067 ⁶2,
415 3014 463 3056 art.
476 3009 500 3067 i,
514 3008 584 3070 juxta
599 3015 710 3054 utentem
725 3004 752 3053 S.
768 3004 824 3067 lig.
839 3017 866 3052 u.
881 3003 930 3052 tto
944 3009 1042 3065 etseq.

149 3106 160 3136 1
177 3090 206 3150 Q.
223 3092 266 3140 An
280 3092 387 3140 attritio
404 3092 520 3158 1111111111
537 3091 573 3140 ud
589 3089 799 3151 justificandum
817 3088 984 3148 peccatorem
1000 3087 1031 3135 in
1047 3097 1094 3135 aa·

110 3177 249 3224 eramento
262 3172 446 3236 punitentia?
1009 3182 1011 3190 ⁴

147 3271 158 3301 1
175 3256 260 3306 Noun.
276 3257 308 3306 Ut
321 3255 376 3306 haeo
390 3256 542 3320 grauissima
556 3270 586 3306 ao
604 3254 714 3311 difficilis
731 3251 907 3306 controversia
919 3251 986 3302 bene
1007 3248 1094 3313 perci-

110 3337 209 3401 piatur,
219 3338 314 3400 triplici
329 3339 377 3390 sub
394 3344 514 3400 respectu
527 3339 626 3388 attritio
640 3337 801 3388 cottsiderari
815 3335 909 3386 debet:

147 3437 158 3466 1
176 3423 201 3470 1.
221 3423 254 3472 111
268 3427 309 3472 est
320 3420 456 3483 conjuncta
471 3435 529 3470 cum
543 3423 698 3475 amoravii
713 3421 829 3482 initiati,
844 3418 890 3483 qui
906 3417 1015 3468 oritura
1031 3414 1094 3465 cira·

111 3504 188 3554 ritate
199 3503 400 3568 praedominante
418 3507 445 3554 et
458 3515 535 3566 super
549 3504 645 3567 omnia,
661 3503 722 3555 licet
739 3504 848 3555 remissa
862 3508 890 3554 et
903 3501 987 3554 minus
999 3497 1092 3550 uirida.
1164 3493 1167 3500 '
