<?xml version="1.0" encoding="UTF-8"?>
<!DOCTYPE html PUBLIC "-//W3C//DTD XHTML 1.0 Transitional//EN"
    "http://www.w3.org/TR/xhtml1/DTD/xhtml1-transitional.dtd">
<html xmlns="http://www.w3.org/1999/xhtml" xml:lang="en" lang="en">
 <head>
  <title>
</title>
<meta http-equiv="Content-Type" content="text/html;charset=utf-8" />
  <meta name='ocr-system' content='tesseract 3.04.00' />
  <meta name='ocr-capabilities' content='ocr_page ocr_carea ocr_par ocr_line ocrx_word'/>
</head>
<body>
  <div class='ocr_page' id='page_1' title='image "./theologiadogmat01fraigoog_0062.png"; bbox 0 0 2536 3826; ppageno 0'>
   <div class='ocr_carea' id='block_1_1' title="bbox 490 177 671 244">
    <p class='ocr_par' dir='ltr' id='par_1_1' title="bbox 490 177 671 244">
     <span class='ocr_line' id='line_1_1' title="bbox 490 177 671 244; baseline -0.055 1"><span class='ocrx_word' id='word_1_1' title='bbox 490 177 671 244; x_wconf 65' lang='lat' dir='ltr'>*di-.-</span> 
     </span>
    </p>
   </div>
   <div class='ocr_carea' id='block_1_2' title="bbox 84 313 1072 710">
    <p class='ocr_par' dir='ltr' id='par_1_2' title="bbox 84 313 1072 710">
     <span class='ocr_line' id='line_1_2' title="bbox 84 313 1069 414; baseline 0.002 -26"><span class='ocrx_word' id='word_1_2' title='bbox 84 317 172 388; x_wconf 81' lang='lat' dir='ltr'>riam</span> <span class='ocrx_word' id='word_1_3' title='bbox 184 327 324 394; x_wconf 85' lang='lat' dir='ltr'>erraret,</span> <span class='ocrx_word' id='word_1_4' title='bbox 336 313 483 401; x_wconf 75' lang='lat' dir='ltr'>proinde</span> <span class='ocrx_word' id='word_1_5' title='bbox 503 335 571 388; x_wconf 85' lang='lat' dir='ltr'>non</span> <span class='ocrx_word' id='word_1_6' title='bbox 592 326 676 414; x_wconf 80' lang='lat' dir='ltr'>esset</span> <span class='ocrx_word' id='word_1_7' title='bbox 701 339 813 387; x_wconf 82' lang='lat' dir='ltr'>rerum</span> <span class='ocrx_word' id='word_1_8' title='bbox 831 319 1069 403; x_wconf 60' lang='lat' dir='ltr'>ministeriam}</span> 
     </span>
     <span class='ocr_line' id='line_1_3' title="bbox 84 413 1068 515; baseline -0.002 -21"><span class='ocrx_word' id='word_1_9' title='bbox 84 428 119 496; x_wconf 78' lang='lat'>2.</span> <span class='ocrx_word' id='word_1_10' title='bbox 135 435 247 515; x_wconf 89' lang='lat' dir='ltr'>posset</span> <span class='ocrx_word' id='word_1_11' title='bbox 262 421 296 489; x_wconf 90' lang='lat' dir='ltr'>ia</span> <span class='ocrx_word' id='word_1_12' title='bbox 310 419 401 508; x_wconf 76' lang='lat' dir='ltr'>praxi</span> <span class='ocrx_word' id='word_1_13' title='bbox 417 418 560 505; x_wconf 74' lang='lat' dir='ltr'>legitime</span> <span class='ocrx_word' id='word_1_14' title='bbox 576 413 738 510; x_wconf 82' lang='lat' dir='ltr'>applicare</span> <span class='ocrx_word' id='word_1_15' title='bbox 754 423 851 492; x_wconf 86' lang='lat' dir='ltr'>talem</span> <span class='ocrx_word' id='word_1_16' title='bbox 872 425 1068 507; x_wconf 69' lang='lat' dir='ltr'>docuinam,</span> 
     </span>
     <span class='ocr_line' id='line_1_4' title="bbox 84 527 1072 622; baseline -0.001 -21"><span class='ocrx_word' id='word_1_17' title='bbox 84 531 223 622; x_wconf 76' lang='lat' dir='ltr'>proinde</span> <span class='ocrx_word' id='word_1_18' title='bbox 234 545 302 596; x_wconf 83' lang='lat' dir='ltr'>noa</span> <span class='ocrx_word' id='word_1_19' title='bbox 314 546 386 594; x_wconf 87' lang='lat' dir='ltr'>esse</span> <span class='ocrx_word' id='word_1_20' title='bbox 399 547 514 606; x_wconf 82' lang='lat' dir='ltr'>unum,</span> <span class='ocrx_word' id='word_1_21' title='bbox 529 527 739 610; x_wconf 86' lang='lat' dir='ltr'>catholicum,</span> <span class='ocrx_word' id='word_1_22' title='bbox 752 543 899 600; x_wconf 89' lang='lat' dir='ltr'>sanctum</span> <span class='ocrx_word' id='word_1_23' title='bbox 912 533 1072 621; x_wconf 65' lang='lat' dir='ltr'>;p,roindc</span> 
     </span>
     <span class='ocr_line' id='line_1_5' title="bbox 85 631 748 710; baseline -0.009 -2"><span class='ocrx_word' id='word_1_24' title='bbox 85 661 153 710; x_wconf 87' lang='lat' dir='ltr'>non</span> <span class='ocrx_word' id='word_1_25' title='bbox 168 654 240 706; x_wconf 87' lang='lat' dir='ltr'>esse</span> <span class='ocrx_word' id='word_1_26' title='bbox 252 651 367 702; x_wconf 80' lang='lat' dir='ltr'>rerum</span> <span class='ocrx_word' id='word_1_27' title='bbox 384 631 503 700; x_wconf 77' lang='lat' dir='ltr'>Christi</span> <span class='ocrx_word' id='word_1_28' title='bbox 515 633 748 702; x_wconf 55' lang='lat' dir='ltr'>ministerium,</span> 
     </span>
    </p>
   </div>
   <div class='ocr_carea' id='block_1_3' title="bbox 126 831 1039 902">
    <p class='ocr_par' dir='ltr' id='par_1_3' title="bbox 126 831 1039 902">
     <span class='ocr_line' id='line_1_6' title="bbox 126 831 1039 902; baseline 0.004 -22"><span class='ocrx_word' id='word_1_29' title='bbox 126 836 217 890; x_wconf 72' lang='lat' dir='ltr'>cm·</span> <span class='ocrx_word' id='word_1_30' title='bbox 224 835 289 880; x_wconf 75' lang='lat' dir='ltr'>narn</span> <span class='ocrx_word' id='word_1_31' title='bbox 297 831 618 892; x_wconf 69' lang='lat' dir='ltr'>mamotsrroeomutunt</span> <span class='ocrx_word' id='word_1_32' title='bbox 626 838 697 902; x_wconf 61' lang='lat' dir='ltr'>noro</span> <span class='ocrx_word' id='word_1_33' title='bbox 708 831 845 880; x_wconf 71' lang='lat' dir='ltr'>mooun</span> <span class='ocrx_word' id='word_1_34' title='bbox 858 838 1039 884; x_wconf 58' lang='lat' dir='ltr'>memore,</span> 
     </span>
    </p>
   </div>
   <div class='ocr_carea' id='block_1_4' title="bbox 88 981 1134 3204">
    <p class='ocr_par' dir='ltr' id='par_1_4' title="bbox 88 981 1069 1186">
     <span class='ocr_line' id='line_1_7' title="bbox 132 981 1069 1088; baseline 0.002 -23"><span class='ocrx_word' id='word_1_35' title='bbox 132 995 169 1066; x_wconf 89' lang='lat' dir='ltr'>Si</span> <span class='ocrx_word' id='word_1_36' title='bbox 180 993 280 1085; x_wconf 83' lang='lat' dir='ltr'>hujus</span> <span class='ocrx_word' id='word_1_37' title='bbox 296 997 458 1064; x_wconf 82' lang='lat' dir='ltr'>missionis</span> <span class='ocrx_word' id='word_1_38' title='bbox 474 1007 560 1064; x_wconf 80' lang='lat' dir='ltr'>notae</span> <span class='ocrx_word' id='word_1_39' title='bbox 579 993 676 1064; x_wconf 66' lang='lat' dir='ltr'>alicui</span> <span class='ocrx_word' id='word_1_40' title='bbox 699 983 878 1066; x_wconf 84' lang='lat' dir='ltr'>ministerio</span> <span class='ocrx_word' id='word_1_41' title='bbox 904 981 1069 1088; x_wconf 79' lang='lat' dir='ltr'>compete·-</span> 
     </span>
     <span class='ocr_line' id='line_1_8' title="bbox 88 1102 1066 1186; baseline 0.001 -15"><span class='ocrx_word' id='word_1_42' title='bbox 88 1111 171 1186; x_wconf 88' lang='lat' dir='ltr'>reat‚</span> <span class='ocrx_word' id='word_1_43' title='bbox 185 1104 236 1171; x_wconf 89' lang='lat' dir='ltr'>vel</span> <span class='ocrx_word' id='word_1_44' title='bbox 245 1102 604 1184; x_wconf 85' lang='lat' dir='ltr'>ministeriocatholico,</span> <span class='ocrx_word' id='word_1_45' title='bbox 615 1105 665 1171; x_wconf 86' lang='lat' dir='ltr'>rei</span> <span class='ocrx_word' id='word_1_46' title='bbox 675 1105 803 1173; x_wconf 90' lang='lat' dir='ltr'>cuidam</span> <span class='ocrx_word' id='word_1_47' title='bbox 812 1105 866 1172; x_wconf 89' lang='lat' dir='ltr'>alii</span> <span class='ocrx_word' id='word_1_48' title='bbox 875 1105 1066 1176; x_wconf 83' lang='lat' dir='ltr'>ministerio.</span> 
     </span>
    </p>

    <p class='ocr_par' dir='ltr' id='par_1_5' title="bbox 131 1212 555 1296">
     <span class='ocr_line' id='line_1_9' title="bbox 131 1212 555 1296; baseline -0.012 -17"><span class='ocrx_word' id='word_1_49' title='bbox 131 1212 233 1279; x_wconf 86' lang='lat' dir='ltr'>Porro</span> <span class='ocrx_word' id='word_1_50' title='bbox 250 1231 317 1276; x_wconf 84' lang='lat' dir='ltr'>non</span> <span class='ocrx_word' id='word_1_51' title='bbox 339 1216 555 1296; x_wconf 17' lang='lat' dir='ltr'>competuntzy</span> 
     </span>
    </p>

    <p class='ocr_par' dir='ltr' id='par_1_6' title="bbox 131 1311 1067 1401">
     <span class='ocr_line' id='line_1_10' title="bbox 131 1311 1067 1401; baseline 0.001 -18"><span class='ocrx_word' id='word_1_52' title='bbox 131 1311 1067 1401; x_wconf 70' lang='lat' dir='ltr'>LMc&#39;nc‘stm&#39;oeotdjolico:hasenimsibinonvindioatti).</span> 
     </span>
    </p>

    <p class='ocr_par' dir='ltr' id='par_1_7' title="bbox 131 1407 1080 1490">
     <span class='ocr_line' id='line_1_11' title="bbox 131 1407 1080 1490; baseline -0.006 -3"><span class='ocrx_word' id='word_1_53' title='bbox 131 1421 177 1488; x_wconf 84' lang='lat'>11.</span> <span class='ocrx_word' id='word_1_54' title='bbox 191 1421 256 1490; x_wconf 86' lang='lat' dir='ltr'>Noc</span> <span class='ocrx_word' id='word_1_55' title='bbox 273 1409 370 1486; x_wconf 71' lang='lat' dir='ltr'>alters·</span> <span class='ocrx_word' id='word_1_56' title='bbox 384 1421 583 1487; x_wconf 77' lang='lat' dir='ltr'>ministerio:</span> <span class='ocrx_word' id='word_1_57' title='bbox 1077 1407 1080 1412; x_wconf 69' lang='grc'>’</span> 
     </span>
    </p>

    <p class='ocr_par' dir='ltr' id='par_1_8' title="bbox 90 1525 1100 2020">
     <span class='ocr_line' id='line_1_12' title="bbox 132 1525 1100 1603; baseline 0 -9"><span class='ocrx_word' id='word_1_58' title='bbox 132 1527 173 1594; x_wconf 88' lang='lat' dir='ltr'>Ut</span> <span class='ocrx_word' id='word_1_59' title='bbox 187 1528 380 1596; x_wconf 86' lang='lat' dir='ltr'>missionem</span> <span class='ocrx_word' id='word_1_60' title='bbox 401 1527 588 1594; x_wconf 78' lang='lat' dir='ltr'>immediate</span> <span class='ocrx_word' id='word_1_61' title='bbox 604 1525 745 1592; x_wconf 82' lang='lat' dir='ltr'>divinam</span> <span class='ocrx_word' id='word_1_62' title='bbox 765 1525 942 1594; x_wconf 84' lang='lat' dir='ltr'>acatholica</span> <span class='ocrx_word' id='word_1_63' title='bbox 958 1525 1072 1596; x_wconf 77' lang='lat' dir='ltr'>minis-</span> <span class='ocrx_word' id='word_1_64' title='bbox 1096 1591 1100 1603; x_wconf 89' lang='grc'>,</span> 
     </span>
     <span class='ocr_line' id='line_1_13' title="bbox 90 1625 1073 1722; baseline 0.001 -23"><span class='ocrx_word' id='word_1_65' title='bbox 90 1636 169 1702; x_wconf 88' lang='lat' dir='ltr'>teria</span> <span class='ocrx_word' id='word_1_66' title='bbox 197 1635 344 1719; x_wconf 79' lang='lat' dir='ltr'>legitime</span> <span class='ocrx_word' id='word_1_67' title='bbox 370 1625 431 1701; x_wconf 89' lang='lat' dir='ltr'>sibi</span> <span class='ocrx_word' id='word_1_68' title='bbox 461 1633 626 1702; x_wconf 85' lang='lat' dir='ltr'>vindicare</span> <span class='ocrx_word' id='word_1_69' title='bbox 651 1645 795 1721; x_wconf 82' lang='lat' dir='ltr'>possent,</span> <span class='ocrx_word' id='word_1_70' title='bbox 820 1633 910 1722; x_wconf 88' lang='lat' dir='ltr'>prids</span> <span class='ocrx_word' id='word_1_71' title='bbox 929 1635 970 1701; x_wconf 91' lang='lat' dir='ltr'>ab</span> <span class='ocrx_word' id='word_1_72' title='bbox 993 1635 1073 1722; x_wconf 92' lang='lat' dir='ltr'>ipsis</span> 
     </span>
     <span class='ocr_line' id='line_1_14' title="bbox 90 1737 1075 1828; baseline 0 -22"><span class='ocrx_word' id='word_1_73' title='bbox 90 1740 295 1828; x_wconf 88' lang='lat' dir='ltr'>probandum</span> <span class='ocrx_word' id='word_1_74' title='bbox 322 1738 404 1806; x_wconf 78' lang='lat' dir='ltr'>soret</span> <span class='ocrx_word' id='word_1_75' title='bbox 427 1737 511 1804; x_wconf 88' lang='lat' dir='ltr'>hanc</span> <span class='ocrx_word' id='word_1_76' title='bbox 533 1737 722 1806; x_wconf 86' lang='lat' dir='ltr'>missionem</span> <span class='ocrx_word' id='word_1_77' title='bbox 748 1741 767 1804; x_wconf 76' lang='lat' dir='ltr'>a</span> <span class='ocrx_word' id='word_1_78' title='bbox 794 1740 865 1807; x_wconf 91' lang='lat' dir='ltr'>Dea</span> <span class='ocrx_word' id='word_1_79' title='bbox 881 1740 946 1806; x_wconf 50' lang='lat' dir='ltr'>sibi¹</span> <span class='ocrx_word' id='word_1_80' title='bbox 970 1737 1075 1806; x_wconf 80' lang='lat' dir='ltr'>fuisse</span> 
     </span>
     <span class='ocr_line' id='line_1_15' title="bbox 91 1843 1074 1934; baseline 0 -22"><span class='ocrx_word' id='word_1_81' title='bbox 91 1866 296 1916; x_wconf 78' lang='lat' dir='ltr'>concessam:</span> <span class='ocrx_word' id='word_1_82' title='bbox 315 1843 403 1932; x_wconf 86' lang='lat' dir='ltr'>quod</span> <span class='ocrx_word' id='word_1_83' title='bbox 431 1843 565 1911; x_wconf 82' lang='lat' dir='ltr'>minime</span> <span class='ocrx_word' id='word_1_84' title='bbox 601 1843 763 1933; x_wconf 88' lang='lat' dir='ltr'>probant,</span> <span class='ocrx_word' id='word_1_85' title='bbox 793 1857 830 1911; x_wconf 81' lang='lat' dir='ltr'>ut</span> <span class='ocrx_word' id='word_1_86' title='bbox 858 1845 1074 1934; x_wconf 83' lang='lat' dir='ltr'>sequentibus</span> 
     </span>
     <span class='ocr_line' id='line_1_16' title="bbox 93 1966 228 2020; baseline 0.007 -2"><span class='ocrx_word' id='word_1_87' title='bbox 93 1966 228 2020; x_wconf 86' lang='lat' dir='ltr'>constat.</span> 
     </span>
    </p>

    <p class='ocr_par' dir='ltr' id='par_1_9' title="bbox 90 2045 1134 2438">
     <span class='ocr_line' id='line_1_17' title="bbox 134 2045 1134 2144; baseline -0.007 -20"><span class='ocrx_word' id='word_1_88' title='bbox 134 2058 246 2124; x_wconf 82' lang='lat' dir='ltr'>Missio</span> <span class='ocrx_word' id='word_1_89' title='bbox 260 2051 455 2136; x_wconf 84' lang='lat' dir='ltr'>immediato,</span> <span class='ocrx_word' id='word_1_90' title='bbox 467 2067 505 2122; x_wconf 84' lang='lat' dir='ltr'>at&#39;</span> <span class='ocrx_word' id='word_1_91' title='bbox 517 2062 613 2144; x_wconf 74' lang='lat' dir='ltr'>supra</span> <span class='ocrx_word' id='word_1_92' title='bbox 637 2052 790 2132; x_wconf 82' lang='lat' dir='ltr'>vidimus,</span> <span class='ocrx_word' id='word_1_93' title='bbox 809 2055 976 2141; x_wconf 88' lang='lat' dir='ltr'>probanda</span> <span class='ocrx_word' id='word_1_94' title='bbox 989 2061 1073 2122; x_wconf 88' lang='lat' dir='ltr'>esset</span> <span class='ocrx_word' id='word_1_95' title='bbox 1131 2045 1134 2049; x_wconf 74' lang='grc'><strong>’</strong></span> 
     </span>
     <span class='ocr_line' id='line_1_18' title="bbox 90 2159 1095 2250; baseline -0.001 -22"><span class='ocrx_word' id='word_1_96' title='bbox 90 2183 151 2250; x_wconf 85' lang='lat' dir='ltr'>per</span> <span class='ocrx_word' id='word_1_97' title='bbox 161 2161 343 2249; x_wconf 89' lang='lat' dir='ltr'>prophetias</span> <span class='ocrx_word' id='word_1_98' title='bbox 355 2171 387 2235; x_wconf 75' lang='lat' dir='ltr'>,et</span> <span class='ocrx_word' id='word_1_99' title='bbox 398 2163 567 2230; x_wconf 86' lang='lat' dir='ltr'>miracula.</span> <span class='ocrx_word' id='word_1_100' title='bbox 582 2163 682 2228; x_wconf 86' lang='lat' dir='ltr'>Porro</span> <span class='ocrx_word' id='word_1_101' title='bbox 699 2159 874 2226; x_wconf 89' lang='lat' dir='ltr'>adversarii</span> <span class='ocrx_word' id='word_1_102' title='bbox 886 2159 1026 2226; x_wconf 87' lang='lat' dir='ltr'>fatentur</span> <span class='ocrx_word' id='word_1_103' title='bbox 1038 2162 1095 2227; x_wconf 75' lang='lat' dir='ltr'>se*</span> 
     </span>
     <span class='ocr_line' id='line_1_19' title="bbox 92 2263 1073 2366; baseline 0.002 -34"><span class='ocrx_word' id='word_1_104' title='bbox 92 2265 200 2332; x_wconf 78' lang='lat' dir='ltr'>nullas</span> <span class='ocrx_word' id='word_1_105' title='bbox 216 2265 410 2354; x_wconf 75' lang='lat' dir='ltr'>prophetias,</span> <span class='ocrx_word' id='word_1_106' title='bbox 426 2267 515 2332; x_wconf 84' lang='lat' dir='ltr'>nulia</span> <span class='ocrx_word' id='word_1_107' title='bbox 536 2265 691 2366; x_wconf 63' lang='lat' dir='ltr'>mirpcula</span> <span class='ocrx_word' id='word_1_108' title='bbox 709 2263 824 2332; x_wconf 84' lang='lat' dir='ltr'>afferre</span> <span class='ocrx_word' id='word_1_109' title='bbox 840 2285 935 2353; x_wconf 86' lang='lat' dir='ltr'>posse</span> <span class='ocrx_word' id='word_1_110' title='bbox 950 2265 983 2334; x_wconf 87' lang='lat' dir='ltr'>in</span> <span class='ocrx_word' id='word_1_111' title='bbox 996 2285 1073 2334; x_wconf 79' lang='lat' dir='ltr'>coa·</span> 
     </span>
     <span class='ocr_line' id='line_1_20' title="bbox 92 2369 672 2438; baseline -0.002 -2"><span class='ocrx_word' id='word_1_112' title='bbox 92 2369 575 2438; x_wconf 86' lang='lat' dir='ltr'>firmationemmissionissuae.</span> <span class='ocrx_word' id='word_1_113' title='bbox 667 2389 672 2396; x_wconf 88' lang='grc'><em>·</em></span> 
     </span>
    </p>

    <p class='ocr_par' dir='ltr' id='par_1_10' title="bbox 92 2473 1104 2987">
     <span class='ocr_line' id='line_1_21' title="bbox 123 2473 1073 2562; baseline 0.001 -21"><span class='ocrx_word' id='word_1_114' title='bbox 123 2475 295 2562; x_wconf 73' lang='lat' dir='ltr'>&#39;Equidem</span> <span class='ocrx_word' id='word_1_115' title='bbox 312 2477 526 2544; x_wconf 86' lang='lat' dir='ltr'>Protestantes</span> <span class='ocrx_word' id='word_1_116' title='bbox 539 2475 728 2544; x_wconf 87' lang='lat' dir='ltr'>missionem</span> <span class='ocrx_word' id='word_1_117' title='bbox 741 2495 836 2542; x_wconf 87' lang='lat' dir='ltr'>snam·</span> <span class='ocrx_word' id='word_1_118' title='bbox 852 2473 1073 2542; x_wconf 82' lang='lat' dir='ltr'>extraordina-</span> 
     </span>
     <span class='ocr_line' id='line_1_22' title="bbox 92 2577 1076 2668; baseline -0.006 -21"><span class='ocrx_word' id='word_1_119' title='bbox 92 2581 173 2648; x_wconf 88' lang='lat' dir='ltr'>riam</span> <span class='ocrx_word' id='word_1_120' title='bbox 191 2592 351 2646; x_wconf 87' lang='lat' dir='ltr'>conantur</span> <span class='ocrx_word' id='word_1_121' title='bbox 366 2579 505 2668; x_wconf 87' lang='lat' dir='ltr'>probare</span> <span class='ocrx_word' id='word_1_122' title='bbox 521 2599 583 2667; x_wconf 85' lang='lat' dir='ltr'>per</span> <span class='ocrx_word' id='word_1_123' title='bbox 595 2580 741 2666; x_wconf 87' lang='lat' dir='ltr'>rapidam</span> <span class='ocrx_word' id='word_1_124' title='bbox 768 2579 974 2643; x_wconf 86' lang='lat' dir='ltr'>diffusionem</span> <span class='ocrx_word' id='word_1_125' title='bbox 999 2577 1076 2642; x_wconf 86' lang='lat' dir='ltr'>novi</span> 
     </span>
     <span class='ocr_line' id='line_1_23' title="bbox 92 2683 1104 2774; baseline -0.004 -22"><span class='ocrx_word' id='word_1_126' title='bbox 92 2685 267 2770; x_wconf 80' lang='lat' dir='ltr'>Evangelii,</span> <span class='ocrx_word' id='word_1_127' title='bbox 282 2704 341 2772; x_wconf 86' lang='lat' dir='ltr'>per</span> <span class='ocrx_word' id='word_1_128' title='bbox 352 2683 615 2774; x_wconf 73' lang='lat' dir='ltr'>praedicationem</span> <span class='ocrx_word' id='word_1_129' title='bbox 628 2704 719 2772; x_wconf 84' lang='lat' dir='ltr'>purae</span> <span class='ocrx_word' id='word_1_130' title='bbox 732 2683 902 2763; x_wconf 81' lang='lat' dir='ltr'>doctrinae,</span> <span class='ocrx_word' id='word_1_131' title='bbox 914 2703 973 2771; x_wconf 93' lang='lat' dir='ltr'>per</span> <span class='ocrx_word' id='word_1_132' title='bbox 985 2683 1074 2749; x_wconf 52' lang='lat' dir='ltr'>dona*</span> <span class='ocrx_word' id='word_1_133' title='bbox 1088 2741 1104 2768; x_wconf 61' lang='lat'>:-</span> 
     </span>
     <span class='ocr_line' id='line_1_24' title="bbox 93 2787 1076 2880; baseline -0.002 -21"><span class='ocrx_word' id='word_1_134' title='bbox 93 2793 232 2880; x_wconf 84' lang='lat' dir='ltr'>Spiritris</span> <span class='ocrx_word' id='word_1_135' title='bbox 249 2792 369 2872; x_wconf 88' lang='lat' dir='ltr'>Sancti,</span> <span class='ocrx_word' id='word_1_136' title='bbox 398 2813 456 2880; x_wconf 83' lang='lat' dir='ltr'>per</span> <span class='ocrx_word' id='word_1_137' title='bbox 476 2793 701 2859; x_wconf 88' lang='lat' dir='ltr'>necessitatem</span> <span class='ocrx_word' id='word_1_138' title='bbox 727 2789 979 2859; x_wconf 80' lang='lat' dir='ltr'>reformationis.</span> <span class='ocrx_word' id='word_1_139' title='bbox 1009 2787 1076 2858; x_wconf 84' lang='lat' dir='ltr'>Sed</span> 
     </span>
     <span class='ocr_line' id='line_1_25' title="bbox 94 2897 997 2987; baseline 0 -23"><span class='ocrx_word' id='word_1_140' title='bbox 94 2919 207 2965; x_wconf 89' lang='lat' dir='ltr'>omnes</span> <span class='ocrx_word' id='word_1_141' title='bbox 225 2899 294 2965; x_wconf 87' lang='lat' dir='ltr'>istae</span> <span class='ocrx_word' id='word_1_142' title='bbox 305 2898 513 2987; x_wconf 85' lang='lat' dir='ltr'>probationes</span> <span class='ocrx_word' id='word_1_143' title='bbox 523 2897 645 2965; x_wconf 85' lang='lat' dir='ltr'>nullius</span> <span class='ocrx_word' id='word_1_144' title='bbox 659 2911 734 2966; x_wconf 90' lang='lat' dir='ltr'>sunt</span> <span class='ocrx_word' id='word_1_145' title='bbox 747 2898 924 2965; x_wconf 89' lang='lat' dir='ltr'>momenti:</span> <span class='ocrx_word' id='word_1_146' title='bbox 995 2912 997 2918; x_wconf 85' lang='lat'>&#39;</span> 
     </span>
    </p>

    <p class='ocr_par' dir='ltr' id='par_1_11' title="bbox 96 2984 1075 3204">
     <span class='ocr_line' id='line_1_26' title="bbox 140 2984 1073 3092; baseline -0.003 -24"><span class='ocrx_word' id='word_1_147' title='bbox 140 3004 178 3068; x_wconf 83' lang='lat' dir='ltr'>rt</span> <span class='ocrx_word' id='word_1_148' title='bbox 196 3003 230 3071; x_wconf 80' lang='lat'>10</span> <span class='ocrx_word' id='word_1_149' title='bbox 244 2984 531 3092; x_wconf 58' lang='lat' dir='ltr'>raptando</span> <span class='ocrx_word' id='word_1_150' title='bbox 549 3005 628 3072; x_wconf 65' lang='lat' dir='ltr'>nove</span> <span class='ocrx_word' id='word_1_151' title='bbox 645 3003 817 3090; x_wconf 62' lang='lat' dir='ltr'>scamno·</span> <span class='ocrx_word' id='word_1_152' title='bbox 839 3003 919 3071; x_wconf 71' lang='lat' dir='ltr'>nina</span> <span class='ocrx_word' id='word_1_153' title='bbox 939 3003 1073 3090; x_wconf 67' lang='lat' dir='ltr'>prosas:</span> 
     </span>
     <span class='ocr_line' id='line_1_27' title="bbox 96 3105 1075 3204; baseline -0.004 -30"><span class='ocrx_word' id='word_1_154' title='bbox 96 3107 263 3194; x_wconf 88' lang='lat' dir='ltr'>Siquidem</span> <span class='ocrx_word' id='word_1_155' title='bbox 273 3107 416 3178; x_wconf 86' lang='lat' dir='ltr'>humano</span> <span class='ocrx_word' id='word_1_156' title='bbox 428 3109 529 3204; x_wconf 87' lang='lat' dir='ltr'>modo</span> <span class='ocrx_word' id='word_1_157' title='bbox 539 3108 632 3178; x_wconf 75' lang='lat' dir='ltr'>facile</span> <span class='ocrx_word' id='word_1_158' title='bbox 648 3107 798 3196; x_wconf 83' lang='lat' dir='ltr'>explicari</span> <span class='ocrx_word' id='word_1_159' title='bbox 811 3115 927 3196; x_wconf 86' lang='lat' dir='ltr'>potest.</span> <span class='ocrx_word' id='word_1_160' title='bbox 946 3105 1075 3194; x_wconf 79' lang='lat' dir='ltr'>Specie-</span> 
     </span>
    </p>
   </div>
   <div class='ocr_carea' id='block_1_5' title="bbox 100 3329 1080 3500">
    <p class='ocr_par' dir='ltr' id='par_1_12' title="bbox 100 3329 1080 3500">
     <span class='ocr_line' id='line_1_28' title="bbox 131 3329 1076 3436; baseline -0.008 -30"><span class='ocrx_word' id='word_1_161' title='bbox 131 3329 249 3436; x_wconf 33' lang='lat' dir='ltr'>(ti&#39;Haud</span> <span class='ocrx_word' id='word_1_162' title='bbox 263 3329 508 3422; x_wconf 78' lang='lat' dir='ltr'>pretermittendum</span> <span class='ocrx_word' id='word_1_163' title='bbox 522 3363 563 3408; x_wconf 88' lang='lat' dir='ltr'>est</span> <span class='ocrx_word' id='word_1_164' title='bbox 572 3351 772 3406; x_wconf 80' lang='lat' dir='ltr'>controversiam</span> <span class='ocrx_word' id='word_1_165' title='bbox 788 3335 902 3416; x_wconf 47' lang='lat' dir='ltr'>agi‘oum</span> <span class='ocrx_word' id='word_1_166' title='bbox 916 3348 1076 3412; x_wconf 81' lang='lat' dir='ltr'>acatholicis,</span> 
     </span>
     <span class='ocr_line' id='line_1_29' title="bbox 100 3427 1080 3500; baseline -0.008 -16"><span class='ocrx_word' id='word_1_167' title='bbox 100 3440 197 3485; x_wconf 85' lang='lat' dir='ltr'>etcum</span> <span class='ocrx_word' id='word_1_168' title='bbox 214 3435 278 3498; x_wconf 89' lang='lat' dir='ltr'>ipsis</span> <span class='ocrx_word' id='word_1_169' title='bbox 291 3435 418 3500; x_wconf 85' lang='lat' dir='ltr'>disputari</span> <span class='ocrx_word' id='word_1_170' title='bbox 439 3435 567 3499; x_wconf 86' lang='lat' dir='ltr'>quodnam</span> <span class='ocrx_word' id='word_1_171' title='bbox 581 3434 625 3494; x_wconf 85' lang='lat' dir='ltr'>sit,</span> <span class='ocrx_word' id='word_1_172' title='bbox 640 3439 755 3496; x_wconf 88' lang='lat' dir='ltr'>tempore</span> <span class='ocrx_word' id='word_1_173' title='bbox 775 3427 966 3489; x_wconf 74' lang='lat' dir='ltr'>controversie,</span> <span class='ocrx_word' id='word_1_174' title='bbox 988 3437 1080 3479; x_wconf 83' lang='lat' dir='ltr'>rerum</span> 
     </span>
    </p>
   </div>
   <div class='ocr_carea' id='block_1_6' title="bbox 99 3508 580 3625">
    <p class='ocr_par' dir='ltr' id='par_1_13' title="bbox 99 3508 580 3625">
     <span class='ocr_line' id='line_1_30' title="bbox 99 3508 580 3625; baseline -0.008 -59"><span class='ocrx_word' id='word_1_175' title='bbox 99 3514 270 3566; x_wconf 67' lang='lat' dir='ltr'>minimerium</span> <span class='ocrx_word' id='word_1_176' title='bbox 284 3517 299 3566; x_wconf 78' lang='lat' dir='ltr'>a</span> <span class='ocrx_word' id='word_1_177' title='bbox 310 3515 415 3568; x_wconf 77' lang='lat' dir='ltr'>Christo</span> <span class='ocrx_word' id='word_1_178' title='bbox 426 3508 580 3625; x_wconf 54' lang='lat' dir='ltr'>&#39;otum</span> 
     </span>
    </p>
   </div>
   <div class='ocr_carea' id='block_1_7' title="bbox 0 0 1280 3826">
    <p class='ocr_par' dir='ltr' id='par_1_14' title="bbox 0 0 1280 3826">
     <span class='ocr_line' id='line_1_31' title="bbox 0 0 1280 3826; baseline 0 0"><span class='ocrx_word' id='word_1_179' title='bbox 0 0 1280 3826; x_wconf 95' lang='lat' dir='ltr'> </span> 
     </span>
    </p>
   </div>
  </div>
 </body>
</html>
