2536 3826
528 107 688 174 ..3...

104 256 198 327 tifioe
211 269 346 324 mmmo
359 249 494 341 cupite,
514 253 619 342 eujus
637 256 781 344 corporis
807 252 1029 330 decisionibus
1055 261 1097 331 ob

10 379 12 400 ¹
110 364 268 436 omnibus
284 367 354 427 erat
369 358 673 448 obtemperandum,
690 352 726 428 ut
741 370 866 431 constat
883 385 920 433 ex
936 366 1098 438 Deutero-

108 470 225 540 nomio
246 465 582 555 (i).·lnsuper'autem
595 459 702 534 eidem
715 470 901 538 resciationi
914 473 1097 560 prouiderat

111 597 174 666 per
193 571 411 640 ministerium
426 572 675 660 ‘propheticum
705 575 872 666 Scriptum
893 578 981 646 enim
996 580 1037 650 V'.
1054 576 1094 648 b.

113 688 214 759 teste,
235 678 370 766 saepius,
393 698 431 744 ac
455 679 663 744 successione
684 679 754 748 iere
780 704 846 749 non
866 683 1095 774 interruptb‚b

111 788 191 852 Deo
213 784 395 853 immediate
424 795 457 849 et
475 783 739 871 independenter
759 789 777 852 b
805 788 975 874 synagoge
1002 791 1095 860 missi

112 901 193 960 sunt
208 889 375 979 prophete
390 879 681 976 supernaturaliter
692 891 851 979 inspirati,
864 895 932 980 qui,
944 895 1097 966 missione

113 1001 174 1064 sud
189 993 355 1061 miraculis
376 993 579 1072 confirmate,
598 995 719 1082 populo
736 997 973 1066 denuntiabant
989 1001 1095 1070 divine

113 1105 278 1181 mandute,
296 1123 446 1189 eumque
473 1102 668 1168 revocabant
689 1091 733 1170 'od
755 1111 869 1172 durum
892 1108 1096 1180 revelationis

108 1231 246 1280 sensum
260 1209 350 1276 etad
367 1229 483 1297 puram
501 1207 581 1294 legis
594 1210 866 1280 onsermnonem.
880 1214 972 1283 unus
987 1218 1095 1306 Scrip-

114 1333 196 1386 turae
208 1329 241 1384 et
251 1315 461 1382 revelationis
483 1315 848 1405 interpretatio;privati
865 1322 997 1407 spiritds
1009 1323 1095 1390 arbi-

112 1425 176 1490 trio
191 1444 229 1490 ac
241 1421 380 1510 proinde
391 1409 616 1489 aduitecationi
632 1431 798 1509 nunquam
811 1427 928 1492 esstitit
939 1429 1094 1497 obnoxia.

112 1515 287 1618 Equidem,
300 1513 363 1593 sub
376 1525 441 1592 fine
456 1513 535 1611 tegis
555 1534 717 1608 mosaicae,
733 1530 901 1596 desinente
917 1533 1095 1602 ministerio

10 1671 12 1722 ;
111 1636 325 1726 prophetico,
346 1632 467 1700 Seribsb
490 1645 523 1698 et
539 1621 774 1702 Pharisaei'non
787 1643 865 1703 rard
878 1635 1095 1707 divinismnn·

113 1741 199 1810 datis
230 1740 488 1807 admiscuerunt
510 1741 702 1807 nodbioncs
733 1739 922 1824 bominum,
952 1757 989 1811 ut
1018 1745 1095 1834 ipsis

113 1847 334 1938 exprobrabat
345 1843 489 1920 Christus
500 1846 690 1928 (Manbib,
702 1847 735 1929 53
748 1849 831 1917 biarc
842 1851 877 1930 7,
888 1851 1000 1934 bern).
1013 1853 1094 1922 Istas

112 1967 226 2024 autem
251 1951 616 2021 humanas'traditiones
640 1943 811 2043 nunq‘unr'n
831 1957 1037 2045 praeualuisse
1061 1961 1093 2026 in

113 2062 266 2128 doctrina
284 2057 575 2148 pubiicdeor'poris
599 2061 822 2140 sacerdotalis,
852 2071 883 2128 et
902 2061 1093 2130 cathedram

112 2166 250 2252 Moysis,
273 2164 302 2228 ui
324 2164 573 2250 supernaturalis
598 2161 721 2242 auxilii,
749 2165 912 2252 usquead
933 2165 1030 2232 iinern
1053 2167 1094 2234 ab

112 2293 228 2339 errore
240 2291 353 2359 puram
370 2261 596 2356 permansisse,
614 2259 725 2336 tenent
740 2291 814 2339 eum
836 2273 982 2339 Patribus
1001 2273 1094 2340 theo·

112 2383 193 2468 logi,
206 2382 294 2467 juxta
309 2368 528 2460 iiludssbristi,
542 2379 651 2445 Matth;
664 2377 720 2457 nb,
733 2381 754 2446 2
767 2380 891 2465 :Super
906 2383 1095 2448 cathedram

112 2490 223 2576 Moysi
236 2490 390 2556 sectorem
407 2485 525 2553 Scribcc
541 2497 570 2551 ct
589 2485 762 2552 missiset.
780 2485 907 2584 Omnia¹
919 2485 996 2572 erpo
1008 2509 1094 2572 quoe-
1148 2514 1153 2523 ¹

148 2677 185 2747 (t)
199 2679 307 2732 booten
324 2679 366 2738 17,
377 2679 394 2729 8
407 2683 503 2741 etseq.
512 2671 682 2734 osstdiffioile
698 2679 726 2726 et
739 2670 887 2738 ambiguum
899 2671 968 2740 apud
981 2679 1008 2728 te
1020 2672 1094 2742 judi-

111 2762 183 2814 cium
207 2771 266 2810 csse
280 2758 444 2822 perspexeris
459 2757 525 2805 inter
546 2757 696 2820 sanguinem
717 2761 744 2805 et
758 2755 924 2819 sanguinem,
944 2767 1046 2805 causum
1067 2763 1095 2807 et

111 2853 239 2900 cartam,
254 2838 353 2900 lepram
369 2843 396 2886 ct
417 2837 525 2898 lepram:
550 2842 577 2886 et
596 2836 710 2898 judicum
732 2835 799 2886 iutra
819 2841 904 2898 portes
919 2841 975 2884 turns
1000 2835 1094 2886 videris

110 2917 196 2968 verba
209 2909 317 2968 uariari:
339 2915 416 2980 surge
431 2923 457 2965 ct
475 2916 585 2965 ascende
599 2915 630 2966 ad
651 2917 735 2965 locum
751 2927 828 2978 quern
841 2913 948 2979 elegerit
971 2916 1093 2966 Dominus

111 2997 184 3048 Deus
194 3003 263 3048 tuus.
277 2995 421 3060 veniesque
436 2994 466 3044 ad
482 2995 630 3046 sacerdotes
645 2990 751 3044 Levitici
764 2993 876 3058 generis
893 2996 964 3046 etad
979 2995 1094 3057 iudicem

111 3077 160 3141 qui
173 3075 250 3128 suerit
261 3075 305 3128 illo
320 3084 451 3140 tempore:
466 3085 616 3138 quaeresque
630 3073 662 3124 ab
677 3074 725 3136 eis,
739 3073 783 3138 qui
792 3073 941 3126 indicabunt
951 3074 998 3123 nni
1005 3071 1096 3136 judicii

111 3155 260 3208 veritatem.
274 3152 308 3206 Et
324 3153 404 3206 iacies
417 3153 597 3220 quodcumque
616 3152 729 3204 dixerint
748 3153 792 3216 qui
815 3155 928 3218 praesunt
946 3151 1003 3198 loco
1018 3161 1095 3212 quem

108 3229 224 3300 elegerit
235 3231 369 3297 Dominus,
384 3237 411 3284 et
424 3231 559 3285 docuerint
571 3233 674 3294 taiuxta
687 3229 771 3294 legem
781 3229 847 3294 ejus,
856 3228 1023 3292 sequerisque
1033 3240 1096 3278 sen-

108 3314 221 3365 tentiam
234 3325 358 3364 eorum...
381 3311 430 3374 Qui
448 3318 534 3363 autem
548 3305 705 3372 superbierit
718 3305 809 3357 nolens
823 3305 929 3356 obedire
952 3303 1094 3356 sacerdotis

108 3390 234 3456 imperio,
249 3390 294 3456 qui
303 3399 335 3442 eo
349 3396 467 3454 tempore
480 3384 610 3442 ministrat
624 3383 730 3436 Domino
745 3383 798 3434 beo
808 3389 863 3447 tuo,
873 3389 899 3434 et
909 3383 1014 3436 decreto
1022 3379 1094 3448 judi-

107 3470 163 3533 eis,
176 3463 303 3520 morietur
316 3469 394 3518 borno
409 3467 482 3520 iile.»
