2536 3826
621 105 797 170 ..60-

216 245 444 320 ministerium.
469 243 580 326 Porro,
610 241 640 326 si
663 240 879 312 ministeriun
907 239 1104 310 catholicum
1127 247 1202 333 J'am

215 369 281 414 non
301 361 369 414 erat
385 365 518 422 verum,
534 343 597 410 hoc
613 341 828 408 ministerium
840 341 992 409 ammerat
1007 356 1200 432 potestates,

215 451 352 544 proinde
368 449 445 540 ipsis
456 449 716 536 jurisdictionem
741 448 921 526 concedere
941 465 1007 516 non
1024 451 1140 538 potuit.
1162 453 1199 518 2.

214 551 413 646 Jurisdicgio,
432 573 531 642 quam
552 549 654 618 Graeci
678 548 757 619 olim
776 549 818 616 ab
845 549 984 618 Ecclesia
1007 565 1203 641 receperant

216 665 331 727 natura
346 663 417 738 suu,
436 670 506 726 erat
519 656 767 737 revocabilis-et
781 654 863 722 sacto
876 656 953 743 ipsis
967 655 1072 724 ablata
1085 667 1134 726 est
1145 681 1202 726 ra-

217 767 305 840 tione
337 765 530 836 schismatis.
564 763 597 830 5.
618 762 706 832 Licet
727 761 914 831 admittatur
933 763 1061 832 Grecos
1088 765 1202 832 adhue

216 871 356 941 retinere
368 871 625 960 jurisdictionem
642 889 741 958 quam
755 868 835 940 oiim
854 869 895 934 ab
912 869 1052 956 Ecclesia
1068 893 1201 960 recepe·

216 989 301 1057 rant,
313 997 377 1042 non
390 976 468 1042 inde
483 975 630 1062 sequitur
651 975 868 1042 ministerium
888 996 1029 1061 graecum
1057 998 1129 1044 esse
1145 1000 1203 1044 ve¹

217 1099 291 1148 rum
308 1078 537 1146 ministerium.
558 1077 628 1146 Non
644 1078 766 1166 gaudet
781 1078 868 1145 enim
893 1078 1055 1166 privilegio
1069 1067 1204 1146 ¹infalli-

216 1183 349 1254 bilitatis
377 1184 467 1270 quod
501 1183 645 1250 humano
673 1183 772 1252 modo
793 1185 963 1253 transmitti
985 1206 1051 1258 non
1076 1198 1202 1276 potest.

215 1285 351 1354 Aliunde
362 1286 433 1357 haec
442 1284 825 1376 potcstasjurisdictionis
836 1287 954 1356 Graecis
964 1309 1118 1360 concessa
1130 1309 1201 1384 non

216 1399 286 1461 erat
292 1391 466 1478 generalis,
483 1392 620 1482 proinde
629 1392 692 1462 dici
703 1413 767 1461 non
776 1402 881 1480 potest
898 1391 1094 1480 apostolice,
1119 1397 1200 1460 ciam

216 1507 390 1588 potestates
417 1500 602 1587 apostolicae
629 1499 786 1567 limitibus
807 1519 868 1566 nec
891 1497 1117 1586 subjiciantur,
1137 1509 1202 1566 neo

110 1682 114 1691 ,
216 1603 335 1694 subjici
345 1607 600 1693 possins-Non
611 1616 990 1672 successorcsauctorurn
1000 1604 1198 1673 schismatis:

216 1712 385 1802 Siquidem
400 1710 442 1776 ab
464 1709 653 1778 auctoribus
680 1730 746 1778 nou
771 1716 946 1796 potuerunt
970 1709 1115 1800 recipere
1139 1732 1201 1800 po·

216 1824 346 1893 testatos
357 1835 439 1902 quas
451 1815 503 1900 isti
517 1835 584 1884 non
598 1813 823 1903 possidebant.

259 1920 490 2013 2.'‚Miuisterio
511 1920 763 2014 Angiicanorura
775 1933 830 1988 aut
846 1919 1125 1991 Lutherannrum:

260 2025 509 2114 Siquidcmnan
529 2025 652 2092 habant
666 2034 858 2112 potestatem
873 2027 1010 2108 ordinis,
1027 2049 1087 2094 uec
1099 2025 1202 2114 juris-

217 2130 581 2223 dictionis.-·Ordinis:
604 2131 833 2210 Ordinationes
857 2131 1084 2220 cpiscoporum
1108 2138 1201 2222 apud

215 2239 406 2324 merianus
417 2251 493 2310 sunt
501 2238 671 2310 validitatis
681 2238 775 2304 vaide
786 2237 894 2310 dubim
902 2238 963 2320 (i);
978 2240 1065 2330 opud
1077 2239 1201 2312 Luthe-

217 2349 500 2411 ranossuntccrto
524 2341 685 2412 invalidae.
704 2343 1019 2420 ff-luritrdictionis:
1043 2343 1203 2414 Jurisdie-

216 2444 313 2512 tionis
322 2445 408 2516 enim
425 2454 616 2534 potestatem
632 2468 699 2514 non
710 2455 902 2535 receperunt
916 2449 957 2515 ab
973 2445 1113 2514 Ecclesit
1131 2447 1201 2516 Ro-

217 2558 326 2634 mens,
344 2573 404 2620 nec
420 2553 461 2620 ab
472 2552 614 2622 Ecclesia
638 2553 760 2623 Graeca.
780 2555 850 2622 Non
867 2554 907 2632 ab
924 2551 1064 2620 Ecclesia
1080 2554 1200 2621 Roma-

217 2664 275 2726 na:
295 2660 358 2728 hoc
383 2661 539 2750 probetur¹
565 2659 680 2728 iisdem
702 2661 900 2744 argumentis
926 2665 1023 2747 supra
1045 2662 1200 2748 expositis

171 2808 175 2816 ,
217 2763 275 2830 ubi
292 2765 333 2832 de
348 2765 524 2832 iiinisterio
545 2766 745 2835 Graecorum.
763 2765 834 2834 Non
855 2763 895 2833 ab
909 2766 1057 2833 Ecclesia
1069 2769 1200 2856 graecis

216 2865 292 2950 quia
305 2862 336 2932 i.
351 2867 453 2936 Graeci
473 2869 596 2936 nuliam
613 2869 777 2958 possident
791 2867 1068 2956 jurisdictionem
1084 2869 1119 2936 ᾖ.
1135 2873 1203 2938 An-

216 2968 335 3056 giicaui
365 2979 408 3036 et·
427 2973 609 3068 Lutherani
632 2995 697 3042 non
720 2988 797 3042 sunt
828 2974 993 3063 conjuncti
1018 2977 1201 3068 Ministerio

218 3078 344 3146 Greco.

263 3183 297 3249 5.
315 3185 496 3266 Ministcriis
508 3186 846 3274 Presbyteriunorum:

253 3382 288 3442 (t)
303 3383 359 3450 vid.
374 3385 518 3435 ncmonstr.
535 3389 668 3456 Erartgel.‚
684 3397 703 3442 t.
715 3395 758 3456 i7;
774 3393 874 3459 Minor,
890 3396 1049 3460 apostolicite
1064 3398 1099 3450 du
1114 3402 1204 3453 minis·
1261 3447 1262 3452 ,

223 3454 278 3508 Ιῑίϊε)
293 3457 397 3520 cathol„
413 3472 471 3520 pag:
486 3463 543 3512 792.
825 3461 827 3468 ’
