2536 3826
206 324 426 414 profitentium
440 346 448 402 ;
463 343 573 411 porro,
589 289 713 410 ebspue
723 319 840 408 cipite,
855 319 1003 399 societas,
1019 329 1050 386 et
1061 320 1180 407 speeie·
1250 333 1252 378 t

206 429 281 496 liter
293 425 431 495 societas
443 427 605 513 religiosa,
636 427 772 494 existere
788 445 854 492 non
876 437 992 512 puteat.
1011 423 1113 514 Caput
1128 447 1178 494 cu·
1250 439 1252 484 t

203 553 373 622 precatum:
389 534 532 622 alioquin
559 535 628 601 lraee
649 527 784 600 societas
801 551 865 601 non
882 539 966 598 esset
980 553 1059 598 una.
1082 531 1180 620 Caput
1251 547 1252 556 ¹

202 655 424 724 permonere.-
440 639 565 725 absque
580 637 783 727 permanenti
800 643 956 725 potestate
966 634 1105 704 Ecclesia
1117 652 1180 704 uuo

204 733 466 836 ossetperpetua.
487 745 546 810 Cui
561 755 761 830 competat...
781 741 843 808 hoe
856 741 987 808 evidens
999 755 1058 810 est.

248 847 349 916 Prot.
365 846 493 936 conseq.
511 851 601 916 Retio
618 857 651 914 et
666 860 806 936 potestas
824 847 935 933 eapitis
950 867 1018 912 non
1033 846 1181 935 competit

205 953 354 1022 Ecclesiae
369 955 536 1042 dispersae:
555 954 639 1036 Quia
653 954 687 1017 l⁰
697 951 868 1018 auctoritas
880 973 1029 1040 suprema
1040 953 1179 1036 gaudere

169 1087 174 1097 ·
205 1060 304 1125 debet
332 1068 488 1146 potestate
515 1058 690 1142 legislatiud
713 1055 898 1123 universali:
921 1057 1014 1144 Atqui
1041 1057 1177 1124 maesta

206 1165 350 1250 disperso
364 1164 452 1248 leges
467 1163 636 1248 generales
653 1163 797 1230 condere
810 1182 874 1228 non
892 1175 1009 1250 potest,
1027 1162 1088 1230 nisi
1104 1181 1179 1229 cou-

201 1265 315 1356 jrmeta
331 1268 371 1333 sit
386 1267 481 1356 capiti
503 1289 575 1335 suo.
587 1316 589 1324 .
603 1269 634 1336 l.
653 1267 793 1336 Ecclesia
810 1268 967 1356 disperse,
989 1269 1182 1336 uthistorill

206 1374 1182 1461 constat,nunquamtuiitlegesgenerelesabsqueconsensu

107 1567 109 1571 .
140 1547 143 1552 ,
203 1479 338 1546 Romani
365 1479 540 1549 Pontiiioir.
566 1481 600 1547 2.
628 1481 764 1548 Aliunde
784 1480 826 1545 ad
841 1480 1046 1544 condendam
1060 1477 1180 1562 legem,

201 1586 481 1654 necessariumest
495 1599 529 1652 ut
544 1585 765 1669 legislatorum
782 1583 917 1666 collegio
930 1581 1046 1665 aliquis
1057 1573 1180 1667 praesit‚
1251 1581 1252 1610 ¹

205 1691 257 1758 cui
276 1690 441 1756 incumbet
453 1700 594 1776 potestas
608 1688 712 1772 legem
725 1685 941 1774 proponendi,
957 1683 1108 1777 suffragio
1120 1688 1186 1752 col·

202 1795 324 1878 ligendi
345 1812 382 1858 ec
401 1792 616 1878 ponderandi,
632 1793 806 1879 legemque
824 1790 920 1857 letam
938 1789 1180 1878 promulgandi.

201 1894 314 1975 Porro,
330 1896 462 1963 absente
474 1895 508 1964 S.
527 1897 693 1977 pontifice,
712 1899 802 1966 deest
817 1897 849 1964 in
877 1895 1015 1964 sceleste
1034 1895 1182 1984 diepersd

88 2063 90 2070 .
200 1999 731 2089 potestasuecesserio.Quie⁶l⁰ad
742 2002 1024 2091 bonumilcclcsiae
1033 2001 1181 2086 regimen

201 2108 378 2195 requiritur
392 2121 437 2189 ut,
455 2109 605 2196 perieulis
617 2109 875 2186 imminentibus,
887 2107 1186 2195 auotoritessupre.
1214 2179 1215 2182 Ἴ

201 2204 255 2278 ma·
271 2207 455 2302 promptum
469 2210 583 2282 offerre
596 2214 696 2300 possit
707 2207 905 2280 remedium:
927 2215 1016 2301 quod
1029 2213 1101 2281 fieri
1112 2234 1177 2279 nou

199 2328 320 2406 posset,
346 2321 373 2384 si
395 2330 535 2405 potestas
550 2329 701 2406 suprema
727 2330 925 2404 competeret
947 2319 1097 2388 Ecclesioe
1112 2319 1177 2386 dis—

201 2443 317 2511 persae.
1138 2415 1140 2418 ’

244 2527 309 2594 rtee
328 2526 481 2614 competit
505 2525 648 2595 Couwciiio
662 2527 824 2612 generali:
841 2528 924 2612 Quia
947 2529 1177 2598 reconciliem

201 2631 352 2717 generale
368 2653 438 2699 non
461 2645 509 2700 cst
524 2633 696 2700 auctoritas
712 2653 918 2720 permanens.
938 2634 1021 2717 Quia
1038 2635 1077 2701 2⁰
1100 2641 1177 2704 ciam

203 2737 243 2803 sit
270 2743 359 2804 mere
385 2736 626 2816 transitorium,
651 2737 896 2811 necessitatibus
912 2737 1062 2808 Ecclesiae
1082 2739 1178 2810 celeri

201 2841 345 2934 remedio
363 2841 450 2908 omni
467 2827 612 2928 tempure
628 2840 802 2910 subvenire
817 2865 882 2910 non
892 2857 1027 2932 posset.

515 3023 597 3074 Prot.
613 3021 857 3077 tn-rredltlone.
950 3028 951 3034 ’

228 3161 387 3252 Traditio
411 3169 535 3231 constat
556 3162 666 3242 iactis,
687 3162 871 3230 testimonio
889 3166 1032 3267 Petrum
1052 3166 1175 3236 testim.

201 3265 430 3334 conciliorum.

244 3371 272 3430 Ι.
291 3371 412 3438 Factis:

248 3467 283 3532 l⁰
294 3451 389 3539 Omni
400 3487 555 3564 tempore,
568 3490 599 3544 et
608 3481 732 3567 absque
742 3479 806 3547 ulli
817 3466 1178 3574 reclamatiouefflonti·

39 3635 117 3744 g.

15 3800 338 3822 —mzee-assn——w
