2562 3810
510 177 707 242 ——i93—

158 319 305 384 Christus
322 316 460 382 instituit
476 321 938 398 parturirentum'Pccrritcrttioc,
953 323 983 388 in
998 345 1095 392 sensu

110 425 257 503 definito,
288 436 527 490 sacromentum
541 427 561 490 ὰ
577 425 780 510 Baptirmotc
792 429 989 496 distinctum.

160 533 243 616 Quae
260 531 436 620 propositio
454 540 556 620 potcst
571 532 701 620 probari
719 534 852 615 directo,
874 537 1041 604 indirecte.

374 747 378 754 ι
409 719 623 766 Puontrtortts
643 721 803 767 ntupum.

159 851 277 917 Annon.
293 887 336 912 -π
352 849 432 918 Vera
451 851 647 940 propositio,
667 851 694 918 si
713 851 748 916 1⁰
771 851 916 918 Christus
938 853 1096 941 Apostoiis

108 977 294 1042 eorumque
311 957 557 1023 successoribus
571 957 767 1023 concesserit
780 970 969 1044 potestatem
986 962 1097 1026 rcnrit·

109 1063 201 1130 tendi
219 1056 435 1151 quaecumque
452 1077 581 1152 peecata
599 1072 673 1154 post
690 1065 890 1152 Baptismum
908 1067 1092 1148 commisso,

110 1176 302 1260 potestatem
315 1169 516 1256 judicialem,
537 1169 695 1236 annexum
713 1171 887 1236 habentem
912 1173 1096 1240 facultatem
1149 1185 1152 1189 '

109 1275 300 1364 imponendi
328 1297 438 1365 poenas
455 1298 513 1365 pro
537 1277 697 1365 peccatis;
714 1315 761 1326 -
784 1286 989 1365 potestatem,
1004 1279 1097 1367 cujus

110 1382 282 1450 efficientia
300 1384 452 1471 supponit
463 1384 494 1450 in
509 1385 655 1472 subjecto
670 1380 908 1465 contritionem,
922 1384 1097 1454 contessio-

109 1511 188 1558 nem
204 1488 493 1578 satisfactionisque
509 1491 729 1579 propositnm3
749 1529 795 1539 —-
807 1499 1009 1578 potestatem,
1024 1514 1097 1580 quae

108 1609 279 1664 exercetur
295 1619 353 1684 per
374 1597 512 1662 validam
529 1597 707 1664 sucerdotis
723 1597 977 1676 absolutionem
1049 1596 1055 1608 '

155 1702 183 1770 si
204 1704 241 1768 2⁰
265 1702 451 1769 exercitium
480 1703 641 1791 praedictae
659 1704 824 1791 potestatis
845 1705 885 1768 sit
910 1722 1097 1772 sacramen·

110 1825 183 1879 tum
199 1810 330 1899 proprie
343 1809 464 1875 dictum
479 1832 487 1889 ;

111 1899 118 1908 ’
154 1913 183 1980 si
209 1913 247 1978 5⁰
265 1928 503 1980 sacramentum
520 1913 606 1979 istud
624 1912 665 1978 sit
680 1915 697 1978 ir
714 1911 879 1998 Baptismo
893 1911 1094 1980 distinctum.

157 2019 251 2106 Atqui
273 2019 342 2088 haec
363 2019 423 2084 tria
445 2030 520 2085 sunt
540 2025 639 2086 certo.

483 2195 509 2252 Ι·
523 2195 590 2252 Pars
608 2194 727 2263 Argum.

22 2321 29 2330 ¹
108 2347 243 2410 Christus
257 2345 396 2416 Apostotts
416 2359 567 2418 corumque
584 2342 785 2401 successoribus
812 2335 954 2399 concessit
965 2346 1098 2414 potesta·

147 2441 204 2491 tem
217 2433 411 2490 remittendi...
430 2461 465 2474 -
478 2437 643 2503 potestatem
662 2431 741 2500 cuius
759 2429 910 2501 efficientia
927 2431 1095 2501 supponit...

150 2525 209 2579 etc.

160 2657 342 2726 Probandae
359 2658 494 2724 seorsim
508 2656 644 2743 singulae
661 2656 889 2744 propositionis
907 2668 1026 2741 portes.

163 2835 176 2900 ς
191 2833 210 2884 l.
226 2859 261 2870 -
273 2832 390 2888 Christus
404 2832 534 2896 npostnts
555 2841 696 2894 corumque
708 2828 902 2881 successoribus
919 2827 1049 2882 concessit

158 2967 186 3031 1.
212 2965 404 3032 potestatem
425 2962 609 3030 remittendi
627 2979 843 3047 quaeoumque
869 2970 997 3045 peccatu
1024 2969 1096 3044 post

108 3071 314 3158 Baptismum
337 3069 531 3136 commissa:
1079 3113 1082 3120 ,

159 3175 262 3243 Proh.
279 3173 455 3262 tc‘Scrtpr.
475 3173 620 3240 Christus
637 3169 795 3259 Apostolis
809 3170 957 3236 distinere
974 3171 1097 3257 promi·

106 3283 153 3352 sit
177 3303 212 3350 se
239 3281 316 3370 ipsis
345 3283 499 3348 daturum
529 3291 718 3366 potestatem
752 3277 937 3345 remittendi
966 3283 1095 3365 peccota

106 3409 342 3478 mecumque,
360 3390 429 3456 sine
441 3387 507 3454 ulio
525 3385 711 3452 discrimine
728 3384 911 3470 graviorum
928 3388 983 3449 aut
995 3383 1094 3448 levio·

107 3517 200 3579 rum,
219 3495 329 3566 ttaon.
344 3495 466 3578 18,18,;
479 3494 582 3560 Amen
595 3491 782 3572 dicovoir‘c,
801 3509 1007 3584 quecumque
1022 3489 1096 3557 uiti·
