2562 3810
539 105 743 176 -202-

195 259 253 326 Pr.
268 259 317 325 2¹.
340 258 469 324 Tradit.
483 256 564 332 Vera
582 255 770 344 propositio,
782 255 808 320 si
829 254 945 340 dogma
960 251 1001 320 tle
1018 273 1141 322 neees-

149 365 242 432 sitatc
255 363 468 434 confessionis
484 363 523 428 ad
551 361 772 430 remissionem
788 366 993 448 peccatorum
1011 379 1072 446 per
1083 381 1141 446 po·

149 480 296 538 testatem
314 470 451 538 clarium
469 469 627 556 originem
646 467 762 534 haheat
780 473 798 532 a
815 466 952 556 Christo.
967 463 1141 552 Origincm
1159 499 1175 543 ·.

152 577 275 646 habet
266 599 284 642 a
297 576 436 656 Christo,
457 597 482 640 sr
474 575 537 642 dc
554 573 608 640 illo
626 575 777 660 dogmate
792 594 851 640 nee
863 571 1005 662 Apostoli
1028 593 1141 660 neque

152 683 347 750 Christiani
341 685 545 748 innovarunt.
563 681 669 770 Atqui,

196 792 224 858 l.
244 787 692 876 NoninnovthuntApustoli:
708 745 1142 908 Alioquindiccndumloret

153 895 321 986 Apostolos
349 896 493 986 potuisse
514 894 671 964 innoiare
693 894 776 960 circa
801 892 862 958 alia
880 892 1054 978 dogmata3
1071 914 1142 962 cor·

153 1016 263 1070 rueret
278 1002 414 1090 proinde
429 999 612 1067 christianae
630 999 794 1084 religionis
811 999 983 1066 certitudo.

197 1108 242 1174 ΙΙ.
256 1107 320 1174 ttec
333 1107 526 1172 innovArunt
543 1102 736 1172 Christiani:

196 1210 326 1276 Constat
345 1210 379 1275 l⁰
404 1208 596 1276 testimoniis
617 1209 675 1276 SS.
699 1209 757 1276 PP.
778 1229 851 1296 quor
879 1221 1068 1298 supponunt
1084 1222 1142 1276 aut

154 1314 302 1404 explicite
330 1315 468 1404 probant
492 1317 610 1400 dogma
624 1315 665 1382 dc
682 1314 872 1382 necessitate
888 1316 1101 1383 consessionis
1122 1321 1141 1382 a

154 1420 316 1510 primaeris
331 1421 458 1487 soeculis
472 1421 504 1486 in
517 1420 658 1487 Ecclesia
669 1423 777 1510 vigere
793 1421 851 1505 (lt.

155 1642 297 1705 praescrtim
311 1653 352 1706 ap.
367 1641 439 1692 toan.
466 1655 522 1706 cap.
541 1643 580 1704 tl,
602 1642 683 1708 ligura
701 1657 732 1694 es
751 1643 840 1696 Lazari
853 1643 1022 1698 suscitatione
1044 1645 1139 1708 petita,

90 1764 95 1786 ,
152 1735 230 1788 quam
244 1721 333 1774 Patres
348 1722 458 1787 plurimi,
474 1729 501 1792 ct
516 1723 583 1773 inter
594 1729 703 1774 ceteros
717 1725 743 1774 S.
761 1725 879 1776 Ambros.
895 1725 927 1774 de
940 1723 1140 1786 sonituum,

155 1816 214 1866 cap.
229 1803 254 1862 7,
269 1803 296 1852 S.
311 1803 418 1872 August.
434 1810 510 1857 tract.
525 1803 557 1855 ru
568 1805 593 1853 in
605 1805 678 1855 toan.
694 1811 720 1854 et
735 1804 807 1863 alibi,
822 1805 849 1855 S.
864 1804 939 1870 Greg.
953 1803 1037 1867 hiagn.
1048 1803 1143 1854 homil.

155 1881 189 1936 26
203 1880 229 1933 in
243 1881 355 1948 Erang..
370 1883 403 1934 de
418 1884 608 1936 resurrectione
624 1883 766 1948 peccatoris
782 1897 827 1948 por
842 1883 1054 1934 sacramentalem
1075 1897 1144 1934 con-

155 1963 296 2017 tessionem
317 1971 460 2028 exponunt.
475 1989 508 2003 -
521 1965 586 2016 Sunt
610 1965 638 2015 20
652 1965 700 2016 alia
718 1965 834 2032 quaedam
858 1964 1049 2015 testimoniali.
1067 1965 1141 2016 Test.

159 2055 217 2108 quar
242 2044 346 2108 proprie
360 2046 560 2110 consessionem,
575 2047 664 2110 utpote
676 2045 729 2110 jhm
742 2045 860 2096 instituta
878 2049 1050 2106 sacramento,
1069 2044 1144 2095 indi·

157 2136 217 2174 care
244 2124 377 2188 ridentum
393 2127 501 2189 scilicet,
520 2127 574 2176 Act.
593 2127 634 2189 tu,
661 2125 817 2187 18;lloon.
844 2127 868 2188 l,
893 2125 922 2184 93
947 2125 1036 2176 Jacob.
1053 2125 1079 2187 5,
1096 2125 1141 2176 16.

156 2205 254 2256 Sufficit
262 2213 348 2256 autem
366 2213 452 2258 textas
465 2223 497 2260 ex
512 2209 585 2260 ioan.
600 2209 643 2271 20,
658 2207 691 2260 25
704 2209 824 2272 superius
838 2207 939 2269 allatus,
954 2219 1004 2272 quo
1019 2213 1046 2256 et
1059 2207 1141 2258 coac.

157 2285 228 2336 Trid.
240 2293 267 2337 et
278 2288 435 2340 catechism.
447 2291 521 2340 Rom.
535 2289 736 2352 adprobandum
751 2289 842 2354 dogma
852 2277 1006 2340 catholicum
1020 2294 1143 2343 utuntur.

160 2369 315 2420 llecaetcris
331 2369 382 2420 vid.
398 2371 516 2420 Battarm.
532 2371 581 2422 loc.
597 2372 642 2422 cit.
657 2385 714 2438 cap.
729 2373 756 2432 l,
771 2372 875 2430 atratino
892 2371 1038 2439 theologos.

190 2451 331 2514 lateralia,
348 2453 398 2502 vid.
415 2467 478 2518 opus
496 2455 547 2506 Di).
567 2456 671 2519 Garhct,
692 2459 759 2510 Voce
772 2470 821 2508 sur
839 2458 862 2507 tc
875 2458 968 2519 dormo
982 2457 1139 2520 catholicus

158 2535 189 2584 de
206 2533 233 2584 lu
246 2529 396 2594 Ponitencc,
412 2529 437 2584 in
451 2550 503 2600 quo
518 2538 639 2602 praeclare
650 2543 822 2602 exponuntur,
837 2546 864 2589 ct
875 2539 961 2603 hgarrae
971 2538 1144 2588 christianam

158 2617 346 2670 contessionem
360 2619 552 2686 adumbrantes
568 2623 700 2687 cujusdam
714 2623 959 2674 consessionisusus
973 2623 1041 2686 apud
1055 2635 1146 2686 popu-

158 2701 209 2766 los,
223 2709 250 2754 et
263 2701 402 2754 lranaoniae
417 2703 494 2768 hujus
507 2705 676 2756 institutionis
690 2719 748 2756 cum
773 2705 863 2762 ordine
877 2705 991 2770 generati
1008 2705 1146 2768 Redemp-

159 2784 236 2836 tionis
250 2786 376 2848 hnmanae,
402 2787 453 2838 imo
468 2795 495 2838 et
517 2788 682 2858 conlormitas
696 2789 761 2840 ritus
784 2788 884 2840 externi
898 2787 1067 2856 confessionis
1081 2801 1146 2840 cum

108 2915 111 2917 .
159 2869 240 2933 ipsius
254 2867 365 2918 horninls
379 2871 480 2920 natura·

192 2959 401 3024 (ll'Testimonia
416 2962 519 3011 Parrum
546 2962 675 3013 afferimus
693 2974 727 3013 cx
754 2962 912 3014 editionibus
930 2963 947 3012 h·
962 2963 992 3012 li.
1011 2962 1098 3028 Migne
1113 2961 1145 3012 in

158 3043 322 3104 Patrotoptn
336 3043 389 3092 tum
404 3043 489 3092 latitare
503 3045 556 3094 thar
568 3053 659 3108 graece
673 3053 754 3096 curru
768 3046 896 3108 completo
909 3043 1025 3095 toseriis.

192 3123 336 3185 perpaucos
358 3126 426 3176 inter
440 3127 550 3176 saecoli!
569 3124 724 3192 scriptores,
741 3127 774 3179 cle
792 3128 954 3179 confessione
973 3133 1145 3192 peccatorum

159 3203 274 3262 quadam
288 3207 400 3256 occurrit
421 3209 518 3258 mentio
533 3223 574 3273 ap.
591 3213 617 3260 S.
633 3203 741 3262 hamah.
746 3213 845 3276 epist.
862 3225 888 3261 n.
905 3213 963 3262 lssl.
980 3211 1146 3276 Aphrrihus

159 3281 481 3343 etiamlaudaturlacusfl
507 3291 584 3352 epist.
599 3291 704 3343 achur.
733 3293 760 3343 S.
776 3294 901 3344 Clementi
924 3293 955 3343 h.
981 3293 1140 3358 adscripta.

163 3359 305 3416 Quadra
307 3378 400 3416 ramur
413 3371 444 3418 tn
458 3371 507 3418 troc
524 3375 634 3440 rotrado,
654 3375 685 3422 uc
699 3377 780 3426 mults
794 3388 851 3438 qrroe
868 3379 901 3428 in
915 3389 997 3430 corne
1011 3379 1147 3438 pessimas

162 3445 195 3480 ra
205 3438 258 3516 totu
273 3445 349 3492 eorde
362 3450 558 3518 resipiscamur,
569 3453 624 3506 utri
638 3457 756 3511 Domino
770 3461 918 3526 statuemur,
935 3459 999 3512 daim
1011 3461 1148 3512 hahemus
