2556 3812
574 164 776 230 midd-

187 329 333 402 pergere.
349 306 500 375 Praetaiet
523 307 669 372 sacrificii
685 304 881 372 continuatio
899 303 1079 370 necessitati
1100 327 1164 370 non

187 430 338 482 extremae
349 415 403 494 (i).

231 523 270 587 ‘2⁰
283 518 422 603 Quando
439 517 631 584 sacrificium
644 517 703 582 suit
717 516 931 603 interruptum
946 529 1078 603 propter
1094 537 1165 582 cau·

186 651 253 696 sam
265 628 439 702 fortuitam,
449 625 598 690 sacerdos
609 637 770 689 revertens
781 643 948 688 resumere
958 623 1055 687 debet
1067 623 1166 688 aioco

187 734 357 812 ubidesiit,
368 733 426 796 nisi
441 732 568 814 longior
580 729 796 795 intercesserit
809 749 898 794 mora
909 733 1006 814 quam
1021 737 1057 794 ut
1068 730 1165 794 missa

186 842 308 910 censeri
327 840 425 928 possit
439 840 520 903 aetia
534 837 698 901 moraiiter
715 857 790 900 una.
807 835 885 900 Hinc
902 836 932 900 i.
945 836 970 898 si
985 836 1082 898 missa
1096 835 1165 900 fue·

187 951 226 1016 rit
246 949 421 1032 interrupta
439 952 512 1009 ante
530 942 817 1018 consecrationem,
844 955 875 1006 et
891 942 1041 1006 sacerdos
1059 941 1165 1006 redire

187 1077 251 1122 tton
266 1053 404 1141 potuerit
421 1052 500 1116 intra
515 1050 652 1136 spatium
672 1049 766 1113 unius
787 1047 887 1126 trorae,
905 1049 999 1112 missa
1018 1063 1167 1133 essetre·

184 1160 372 1246 iinquenda,
385 1157 434 1222 vel
453 1157 493 1222 ab
510 1157 600 1220 initio
618 1155 824 1231 resumenda,
844 1156 941 1219 mode
958 1162 1087 1240 tempas
1111 1155 1163 1219 de·

185 1267 287 1331 bitum
306 1263 488 1328 celebrandi
507 1277 579 1327 ante
601 1263 769 1327 meridiem
795 1283 859 1327 non
878 1259 1047 1326 effluxerit.
1070 1262 1105 1326 2.
1132 1261 1164 1326 Si

185 1371 280 1434 missa
299 1367 394 1433 fuerit
415 1368 591 1453 interrupta
610 1382 680 1453 post
701 1367 989 1445 consecrationem,
1016 1375 1047 1431 et
1063 1387 1165 1432 sacer-

186 1477 244 1540 dos
264 1476 344 1538 intra
361 1473 441 1537 duas
463 1474 558 1537 horas
580 1475 686 1540 redite
704 1496 768 1540 non
788 1475 937 1561 potuerit,
967 1475 1164 1540 servandum

184 1592 267 1647 esset
284 1579 339 1645 SS.
356 1579 597 1644 Sacramentum
621 1580 673 1644 die
687 1581 834 1666 sequenti
852 1581 1048 1645 sumendum
1061 1581 1118 1660 (ᾖ).

226 1687 264 1755 V.
283 1687 375 1752 Missa
393 1683 584 1752 celebranda
602 1699 649 1751 est
664 1687 812 1765 dreoitor,
830 1707 870 1752 ne
883 1687 1054 1751 audientes
1066 1687 1162 1750 taedio

185 1793 377 1872 afficiantur,
406 1813 465 1858 nec
485 1792 581 1858 simul
604 1795 700 1858 trimis
719 1792 923 1877 festinanter,
954 1806 988 1857 at
1011 1794 1164 1858 sacerdos
1252 1863 1254 1870 Α

184 1901 350 1966 advertere
362 1902 462 1986 possit
477 1921 550 1986 quae
563 1901 640 1983 legit
656 1915 686 1965 et
705 1900 789 1964 facit.
806 1899 1019 1983 Regulariter,
1033 1901 1077 1963 ad
1100 1909 1161 1962 ter·

183 2009 362 2074 tiamtroroe
377 2019 505 2091 partem
522 2009 635 2073 saltem
648 2007 737 2072 debet
759 2011 955 2091 pertinuere,
978 2027 1081 2092 tteqtte
1104 2006 1162 2070 do·-

182 2135 229 2178 rte
241 2116 413 2178 dimidium
431 2115 593 2190 accedere,
613 2115 656 2178 ait
673 2114 794 2178 Bened.
810 2113 877 2180 xtv
890 2133 963 2178 cum
981 2113 1161 2178 communi.

184 2218 275 2293 Hinc,
290 2217 364 2282 licet
378 2220 471 2282 missa
489 2221 528 2283 sit
539 2239 576 2283 ex
591 2220 805 2298 brevioribus,
819 2224 836 2284 'a
850 2219 977 2284 mortali
990 2217 1166 2282 difficulter

183 2323 327 2386 excusari
351 2330 453 2408 potest
465 2325 617 2390 sacerdos
631 2327 761 2392 missam
779 2325 966 2413 persolvens
986 2323 1066 2388 inira
1085 2327 1164 2410 qua·¹

183 2427 329 2493 drentem
347 2427 402 2510 (5).

225 2581 383 2660 Tandem,
409 2582 441 2647 in
459 2603 589 2666 genere,
602 2585 752 2649 sacerdos
766 2585 934 2650 celebrans
952 2566 1081 2650 tenetur
1098 2585 1162 2650 sub

181 2690 269 2772 gravi
283 2704 337 2756 aut
354 2689 414 2763 sub
438 2689 512 2768 levi,
532 2712 589 2776 pro
611 2690 764 2772 gravitate
781 2706 835 2755 aut
855 2679 980 2760 levitate
1001 2693 1160 2768 materiae,

182 2795 354 2862 observare
370 2817 484 2860 omnes
508 2795 653 2860 rubricas
680 2817 754 2882 qaae
778 2795 923 2863 facienda
941 2810 995 2862 aut
1021 2797 1162 2861 dicenda

215 3005 249 3068 (i)
264 3005 323 3054 virt.
339 3005 437 3068 Sylvius
451 3005 478 3053 in
491 3007 507 3055 3
521 3020 547 3068 p.
562 3013 653 3067 quaest.
665 3006 707 3063 83,
722 3011 770 3055 art.
786 3007 812 3068 6,
829 3019 908 3068 quaer.
923 3005 1099 3069 53L'aymann,
1113 3007 1159 3057 tib.
1253 2997 1254 3000 '

181 3081 211 3140 V,
226 3088 301 3131 tract.
316 3084 341 3144 5,
364 3097 420 3146 cap.
442 3085 469 3144 7;
493 3083 587 3134 Bened.
604 3085 657 3132 XIV
682 3086 713 3134 de
736 3087 836 3148 Sacris.
851 3087 914 3134 rttts.
935 3085 984 3136 loe.
1004 3086 1160 3148 cit.n.15;

181 3155 283 3224 Quarti,
294 3173 319 3219 p.
335 3159 360 3219 ᾖ,
377 3161 416 3209 ιίι.
431 3163 457 3222 5,
473 3170 536 3212 sect.
553 3163 579 3221 5,
598 3176 653 3224 cap.
669 3164 694 3222 ὃς
714 3163 740 3212 S.
756 3163 810 3228 Lig.
835 3177 860 3214 tt.
880 3164 946 3226 554;
963 3163 999 3214 De
1013 3163 1112 3228 Herdt,
1132 3179 1159 3230 p.

180 3231 206 3298 ὅ,
219 3245 245 3280 ιι.
264 3234 308 3292 20;
325 3237 353 3284 t).
372 3237 546 3298 Richaudeau,
566 3253 622 3303 cap.
640 3241 749 3302 18;etc.

216 3309 249 3371 (a)
266 3313 321 3362 vid.
337 3322 455 3370 auctores
469 3321 567 3380 praccit.

211 3388 237 3444 (5
266 3390 363 3442 Bened.
381 3397 578 3456 XtV,1rtstitut.
594 3405 637 3466 dd,
652 3418 678 3455 n.
694 3407 738 3469 50,
756 3407 782 3457 S.
798 3407 853 3472 Lig.
870 3409 953 3474 ¹[dotto.
963 3421 1008 3474 ap·
1024 3413 1101 3462 traet-
1116 3409 1161 3476 ¹5»

182 3469 207 3506 u.
224 3459 265 3520 at,
281 3469 307 3512 et
321 3469 442 3532 appear.
457 3474 483 3536 5,
500 3489 526 3529 n.
546 3478 604 3530 tae.
785 3501 788 3506 ¹
