2536 3826
598 203 642 222 .-
664 165 708 232 ιι
727 199 775 222 ...-
871 136 891 157 ”

252 368 255 376 .
267 323 288 374 1.
304 320 451 386 Reprisitu'r
463 325 499 372 ut·
507 315 682 426 spinisteriunr
690 317 802 385 pendeat
811 307 946 382 puritate
958 315 1118 389 tpiioopuit's
1143 330 1144 336 ’

222 473 226 484 ‘
249 435 351 521 Prob.
369 455 430 522 Res
450 437 795 540 111111,ιί’1111111110
818 437 983 537 potestatis
1000 453 1189 540 spostolicae

84 627 86 630 .
104 579 108 590 ’
204 561 361 648 pertineat
379 561 419 627 ad
436 559 609 668 Episcopus
630 571 662 625 et
677 557 718 624 nd
736 557 909 646 Episcopus
925 561 1064 624 tuntum.
1083 559 1189 626 Porro

203 677 382 797 utrumque
401 661 603 733 esseoertum
613 664 824 754 sequentibus
836 651 1034 748 argumentis
1047 676 1189 732 cunstat.

206 772 283 838 ·t.
297 769 432 859 Asprum.
449 773 630 858 panetaria,
647 769 768 858 quibus
790 776 928 855 utreque
939 770 1081 845 assertio
1110 785 1191 859 pro-

207 877 325 945 batur:
379 899 381 904 ·
1067 879 1111 918 '

252 982 420 1070 trscrrpr.
431 985 498 1051 dot.
509 1005 563 1083 ep
576 983 633 1063 111,
639 975 712 1049 18ε
724 982 885 1048 Attendite
894 979 999 1048 vobis
994 994 1023 1048 et
1032 1003 1192 1052 onwerso

205 1093 297 1178 prepi
326 1090 361 1156 in
389 1101 465 1175 quo
476 1111 534 1156 oos
557 1088 699 1176 Spiritus
719 1087 857 1156 Sanctus
875 1090 985 1173 posuit
1007 1087 1193 1176 Episcopus

205 1185 503 1280 reperedeclest'um
519 1187 592 1262 Dei
616 1195 757 1265 Undel.
780 1193 927 1282 Episcopi
948 1193 1193 1296 plenitudinem

206 1297 339 1366 babent
350 1301 516 1388 potestatis
535 1275 737 1390 apostoliens:
762 1298 924 1386 siquidem
941 1299 1036 1388 positi
1058 1303 1193 1368 suntad

208 1407 384 1491 regendum
397 1404 583 1498 lindesiam,
597 1406 735 1495 proinde
756 1404 923 1492 possident
938 1413 1129 1495 potestatem
1145 1408 1193 1474 ad

211 1511 301 1578 buno
321 1511 419 1579 tinem
434 1511 595 1603 Apostolis
608 1525 807 1578 conoessum
820 1509 856 1606 1.
871 1509 937 1578 Soli
954 1498 1101 1600 Episcopi
1115 1531 1195 1583 enm

127 1613 130 1622 ’
208 1605 396 1708 possident:
420 1610 582 1704 siquidem
609 1618 781 1684 universus
800 1601 878 1717 gres
906 1613 969 1686 illis
995 1619 1195 1721 commissus

210 1729 271 1794 esi.

254 1831 293 1898 1Ὠ
307 1813 507 1898 Traditione.
519 1825 810 1920 Gireapraesentem
819 1829 1198 1918 quaestionernoonstnns

88 1937 91 1942 '
207 1933 359 2004 Euelesiae
374 1939 502 2005 traditio
515 1937 645 2028 probari
666 1945 771 2030 potest
786 1937 976 2005 testimoniis
991 1935 1121 2006 Petrum
1134 1957 1198 2003 su·

208 2044 333 2132 periiss
335 2045 449 2124 citatis,
469 2045 615 2118 etinctis.

209 2151 289 2228 1.
308 2149 352 2216 Ex
365 2146 556 2238 testimoniis
569 2152 699 2219 Petrum
719 2125 870 2240 superius
882 2119 1026 2234 ellatisll
1031 2152 1057 2228 1
1073 2145 1132 2214 ubi
1149 2148 1201 2216 de

210 2257 437 2332 constitutione
454 2256 633 2332 ministerii,
636 2255 809 2346 sequitur:
828 2256 860 2322 1.
882 2255 1111 2346 Episcoporum
1134 2273 1199 2326 or-

211 2359 320 2426 dinem
334 2381 473 2458 proeesse
486 2361 596 2454 ordini
612 2359 878 2447 Presbyterorum
895 2370 928 2430 et
946 2361 1166 2454 Diuoonorum
1184 2411 1196 2440 ,

193 2471 274 2560 yetb
295 2465 419 2544 fortiori
432 2465 521 2532 lsiois
534 2486 634 2550 :ergo
654 2467 695 2534 sd
713 2467 887 2560 Episcopus
910 2479 940 2534 et
961 2467 1003 2556 ud
1016 2467 1201 2554 Episcopus

210 2577 335 2639 tuntirrn
351 2574 488 2662 pertinet
497 2572 664 2662 plenitudo
677 2575 844 2661 potestatis
860 2571 1057 2662 apostoliene.
1080 2573 1201 2664 Sequi-

210 2693 264 2744 tur
274 2679 309 2744 1.
321 2683 421 2766 penes
434 2679 607 2767 Episcopos
620 2701 691 2746 esse
702 2701 831 2746 omnem
840 2677 1201 2770 potestatemiloolesise

105 2797 119 2842 s
211 2781 361 2870 regimini
378 2787 592 2852 neeessariam
606 2785 651 2868 (S.
667 2787 829 2874 lgnstep.
845 2787 885 2851 od
897 2787 1027 2872 Smyrn.
1039 2783 1079 2850 sd
1100 2782 1201 2848 Trul—

140 2925 142 2930 .
212 2891 295 2960 leus.
314 2891 496 2989 odEphes.,
514 2892 637 2962 Tertul.
649 2893 690 2960 de
704 2893 810 2983 sept,
825 2894 859 2958 S.
872 2891 1022 2980 Cyprias.
1041 2911 1093 2978 ep.
1107 2887 1153 2956 69
1162 2903 1204 2956 et

212 2995 282 3077 ’171
295 2995 366 3064 etin
378 2995 428 3062 his
441 2997 578 3066 textibus
599 3000 723 3068 mentio
739 3021 805 3068 non
831 3006 878 3065 est
897 2999 939 3066 de
949 2997 1012 3064 alto
1029 2996 1204 3064 ministro

111 3121 112 3127 ¹
213 3123 286 3169 rum
299 3103 413 3169 ordine
430 3103 482 3198 oui
504 3112 664 3191 competat
680 3105 795 3171 endem
810 3117 964 3194 potestas.
989 3103 1086 3206 Ergo.

207 3223 208 3228 ’
259 3210 292 3276 1.
318 3208 431 3275 Factis.
452 3206 489 3274 ln
510 3211 698 3276 auctoritate
715 3209 848 3278 Consilii
866 3209 1032 3278 Generalis
1053 3177 1206 3276 resumi-

213 3321 267 3381 tur
290 3307 394 3382 omnis
422 3321 563 3404 potestas
591 3309 787 3404 apostoliea,
800 3325 851 3418 ut
837 3315 956 3385 talibi
985 3314 1202 3408 probabitur.
1255 3408 1260 3423 Ι

245 3481 285 3576 (l)
301 3509 329 3557 tn
345 3513 446 3573 trprrt.
462 3519 558 3576 nrpunr.
571 3525 597 3561 n.
612 3505 643 3561 tt.
723 3523 725 3528 ·
