<?xml version="1.0" encoding="UTF-8"?>
<!DOCTYPE html PUBLIC "-//W3C//DTD XHTML 1.0 Transitional//EN"
    "http://www.w3.org/TR/xhtml1/DTD/xhtml1-transitional.dtd">
<html xmlns="http://www.w3.org/1999/xhtml" xml:lang="en" lang="en">
 <head>
  <title>
</title>
<meta http-equiv="Content-Type" content="text/html;charset=utf-8" />
  <meta name='ocr-system' content='tesseract 3.04.00' />
  <meta name='ocr-capabilities' content='ocr_page ocr_carea ocr_par ocr_line ocrx_word'/>
</head>
<body>
  <div class='ocr_page' id='page_1' title='image "./theologiadogmat01fraigoog_0571.png"; bbox 0 0 2572 3802; ppageno 0'>
   <div class='ocr_carea' id='block_1_1' title="bbox 609 156 1205 308">
    <p class='ocr_par' dir='ltr' id='par_1_1' title="bbox 609 156 1205 308">
     <span class='ocr_line' id='line_1_1' title="bbox 609 156 811 224; baseline 0.01 -2"><span class='ocrx_word' id='word_1_1' title='bbox 609 195 653 208; x_wconf 90' lang='grc'><strong>-</strong></span> <span class='ocrx_word' id='word_1_2' title='bbox 678 156 744 224; x_wconf 77' lang='lat'><strong>558</strong></span> <span class='ocrx_word' id='word_1_3' title='bbox 768 195 811 212; x_wconf 87' lang='lat'><strong>-.-</strong></span> 
     </span>
     <span class='ocr_line' id='line_1_2' title="bbox 1152 243 1205 308; baseline 0.038 -12"><span class='ocrx_word' id='word_1_4' title='bbox 1152 243 1205 308; x_wconf 60' lang='lat' dir='ltr'><strong>a...</strong></span> 
     </span>
    </p>
   </div>
   <div class='ocr_carea' id='block_1_2' title="bbox 219 313 1279 737">
    <p class='ocr_par' dir='ltr' id='par_1_2' title="bbox 220 313 1206 561">
     <span class='ocr_line' id='line_1_3' title="bbox 220 313 1206 385; baseline -0.001 -11"><span class='ocrx_word' id='word_1_5' title='bbox 220 317 365 374; x_wconf 76' lang='lat' dir='ltr'><strong>2.constnt</strong></span> <span class='ocrx_word' id='word_1_6' title='bbox 378 313 900 385; x_wconf 82' lang='lat' dir='ltr'><strong>christianosnonpotuisseinnovare&#39;.</strong></span> <span class='ocrx_word' id='word_1_7' title='bbox 941 355 951 372; x_wconf 93' lang='lat'><strong>.</strong></span> <span class='ocrx_word' id='word_1_8' title='bbox 988 353 997 374; x_wconf 91' lang='lat'><strong>.</strong></span> <span class='ocrx_word' id='word_1_9' title='bbox 1036 359 1044 377; x_wconf 85' lang='grc'><strong>.</strong></span> <span class='ocrx_word' id='word_1_10' title='bbox 1086 361 1094 377; x_wconf 94' lang='grc'><strong>.</strong></span> <span class='ocrx_word' id='word_1_11' title='bbox 1170 327 1206 382; x_wconf 80' lang='grc' dir='ltr'><em>π</em></span> 
     </span>
     <span class='ocr_line' id='line_1_4' title="bbox 220 401 1206 467; baseline 0 -7"><span class='ocrx_word' id='word_1_12' title='bbox 220 403 273 460; x_wconf 87' lang='grc'><strong>111.</strong></span> <span class='ocrx_word' id='word_1_13' title='bbox 290 401 457 459; x_wconf 82' lang='lat' dir='ltr'><strong>Definitione</strong></span> <span class='ocrx_word' id='word_1_14' title='bbox 477 403 563 459; x_wconf 83' lang='lat' dir='ltr'><strong>Cone.</strong></span> <span class='ocrx_word' id='word_1_15' title='bbox 582 403 649 457; x_wconf 91' lang='lat' dir='ltr'><strong>Trid</strong></span> <span class='ocrx_word' id='word_1_16' title='bbox 652 440 998 461; x_wconf 86' lang='grc'><strong>........</strong></span> <span class='ocrx_word' id='word_1_17' title='bbox 1036 416 1046 460; x_wconf 75' lang='grc'><strong>’.</strong></span> <span class='ocrx_word' id='word_1_18' title='bbox 1088 449 1096 464; x_wconf 93' lang='grc'><strong>.</strong></span> <span class='ocrx_word' id='word_1_19' title='bbox 1170 413 1206 467; x_wconf 82' lang='lat'><strong>78</strong></span> 
     </span>
     <span class='ocr_line' id='line_1_5' title="bbox 221 490 975 561; baseline -0.003 -13"><span class='ocrx_word' id='word_1_20' title='bbox 221 493 305 548; x_wconf 74' lang='lat' dir='ltr'><strong>Proh.</strong></span> <span class='ocrx_word' id='word_1_21' title='bbox 320 490 361 546; x_wconf 86' lang='lat'><strong>11.</strong></span> <span class='ocrx_word' id='word_1_22' title='bbox 377 520 412 532; x_wconf 91' lang='lat'>-</span> <span class='ocrx_word' id='word_1_23' title='bbox 426 491 571 552; x_wconf 75' lang='lat' dir='ltr'><strong>indirecte,</strong></span> <span class='ocrx_word' id='word_1_24' title='bbox 586 505 635 544; x_wconf 86' lang='lat' dir='ltr'><strong>seu</strong></span> <span class='ocrx_word' id='word_1_25' title='bbox 646 490 793 544; x_wconf 74' lang='lat' dir='ltr'><strong>sotiantur</strong></span> <span class='ocrx_word' id='word_1_26' title='bbox 802 491 975 561; x_wconf 84' lang='lat' dir='ltr'><strong>objectiones</strong></span> 
     </span>
    </p>

    <p class='ocr_par' dir='ltr' id='par_1_3' title="bbox 219 577 1279 737">
     <span class='ocr_line' id='line_1_6' title="bbox 221 577 1202 650; baseline -0.004 -16"><span class='ocrx_word' id='word_1_27' title='bbox 221 579 250 634; x_wconf 89' lang='grc'><strong>10</strong></span> <span class='ocrx_word' id='word_1_28' title='bbox 266 579 365 650; x_wconf 81' lang='lat' dir='ltr'><strong>quibus</strong></span> <span class='ocrx_word' id='word_1_29' title='bbox 378 578 577 648; x_wconf 76' lang='lat' dir='ltr'>impugnantur</span> <span class='ocrx_word' id='word_1_30' title='bbox 594 577 775 646; x_wconf 76' lang='lat' dir='ltr'>probationes</span> <span class='ocrx_word' id='word_1_31' title='bbox 788 579 879 631; x_wconf 87' lang='lat' dir='ltr'><strong>attatae</strong></span> <span class='ocrx_word' id='word_1_32' title='bbox 896 617 1095 637; x_wconf 87' lang='grc'><strong>.....</strong></span> <span class='ocrx_word' id='word_1_33' title='bbox 1135 585 1202 642; x_wconf 69' lang='lat' dir='ltr'><strong>itta,</strong></span> 
     </span>
     <span class='ocr_line' id='line_1_7' title="bbox 219 619 1279 737; baseline -0.004 -17"><span class='ocrx_word' id='word_1_34' title='bbox 219 663 517 737; x_wconf 66' lang='lat' dir='ltr'><strong>aquibusadversarii</strong></span> <span class='ocrx_word' id='word_1_35' title='bbox 527 663 675 718; x_wconf 83' lang='lat' dir='ltr'><strong>falsitatem</strong></span> <span class='ocrx_word' id='word_1_36' title='bbox 685 662 823 732; x_wconf 82' lang='lat' dir='ltr'><strong>dogmatis</strong></span> <span class='ocrx_word' id='word_1_37' title='bbox 831 665 1098 733; x_wconf 89' lang='lat' dir='ltr'><strong>probareccnantur</strong></span> <span class='ocrx_word' id='word_1_38' title='bbox 1171 669 1206 726; x_wconf 84' lang='lat'><strong>80</strong></span> <span class='ocrx_word' id='word_1_39' title='bbox 1277 619 1279 716; x_wconf 61' lang='lat' dir='ltr'><strong>i</strong></span> 
     </span>
    </p>
   </div>
   <div class='ocr_carea' id='block_1_3' title="bbox 487 799 993 852">
    <p class='ocr_par' dir='ltr' id='par_1_4' title="bbox 487 799 993 852">
     <span class='ocr_line' id='line_1_8' title="bbox 487 799 993 852; baseline 0.008 -3"><span class='ocrx_word' id='word_1_40' title='bbox 487 801 576 850; x_wconf 81' lang='lat' dir='ltr'><strong>carur</strong></span> <span class='ocrx_word' id='word_1_41' title='bbox 592 799 622 852; x_wconf 89' lang='lat' dir='ltr'><strong>u.</strong></span> <span class='ocrx_word' id='word_1_42' title='bbox 638 827 671 836; x_wconf 92' lang='lat'><em>-</em></span> <span class='ocrx_word' id='word_1_43' title='bbox 685 801 721 850; x_wconf 82' lang='lat' dir='ltr'><strong>lte</strong></span> <span class='ocrx_word' id='word_1_44' title='bbox 735 800 935 852; x_wconf 83' lang='lat' dir='ltr'><strong>conditionibus.</strong></span> <span class='ocrx_word' id='word_1_45' title='bbox 989 809 993 816; x_wconf 85' lang='lat'>&#39;</span> 
     </span>
    </p>
   </div>
   <div class='ocr_carea' id='block_1_4' title="bbox 220 901 1206 1001">
    <p class='ocr_par' dir='ltr' id='par_1_5' title="bbox 220 901 1206 1001">
     <span class='ocr_line' id='line_1_9' title="bbox 220 901 1206 1001; baseline -0.004 -11"><span class='ocrx_word' id='word_1_46' title='bbox 220 934 283 990; x_wconf 86' lang='lat' dir='ltr'><strong>Non</strong></span> <span class='ocrx_word' id='word_1_47' title='bbox 297 935 340 988; x_wconf 86' lang='lat' dir='ltr'><strong>est</strong></span> <span class='ocrx_word' id='word_1_48' title='bbox 354 901 492 1001; x_wconf 80' lang='lat' dir='ltr'><strong>agendum</strong></span> <span class='ocrx_word' id='word_1_49' title='bbox 510 931 545 986; x_wconf 93' lang='lat' dir='ltr'><strong>de</strong></span> <span class='ocrx_word' id='word_1_50' title='bbox 556 931 662 986; x_wconf 88' lang='lat' dir='ltr'><strong>condit.</strong></span> <span class='ocrx_word' id='word_1_51' title='bbox 679 946 715 986; x_wconf 83' lang='lat' dir='ltr'><strong>ex</strong></span> <span class='ocrx_word' id='word_1_52' title='bbox 728 933 807 1000; x_wconf 87' lang='lat' dir='ltr'><strong>parte</strong></span> <span class='ocrx_word' id='word_1_53' title='bbox 822 932 950 1001; x_wconf 89' lang='lat' dir='ltr'><strong>subjecti.</strong></span> <span class='ocrx_word' id='word_1_54' title='bbox 990 971 999 987; x_wconf 97' lang='lat'><strong>.</strong></span> <span class='ocrx_word' id='word_1_55' title='bbox 1038 972 1046 988; x_wconf 96' lang='lat'><strong>.</strong></span> <span class='ocrx_word' id='word_1_56' title='bbox 1085 970 1094 989; x_wconf 95' lang='lat'><strong>.</strong></span> <span class='ocrx_word' id='word_1_57' title='bbox 1170 937 1206 994; x_wconf 81' lang='lat'><strong>81</strong></span> 
     </span>
    </p>
   </div>
   <div class='ocr_carea' id='block_1_5' title="bbox 220 1019 1206 1176">
    <p class='ocr_par' dir='ltr' id='par_1_6' title="bbox 220 1019 1206 1176">
     <span class='ocr_line' id='line_1_10' title="bbox 220 1019 1206 1089; baseline -0.005 -12"><span class='ocrx_word' id='word_1_58' title='bbox 220 1023 322 1077; x_wconf 76' lang='lat' dir='ltr'><strong>Arare.</strong></span> <span class='ocrx_word' id='word_1_59' title='bbox 333 1019 357 1076; x_wconf 93' lang='lat'><strong>1.</strong></span> <span class='ocrx_word' id='word_1_60' title='bbox 366 1020 408 1075; x_wconf 89' lang='lat' dir='ltr'><strong>De</strong></span> <span class='ocrx_word' id='word_1_61' title='bbox 418 1019 501 1075; x_wconf 87' lang='lat' dir='ltr'><strong>cond.</strong></span> <span class='ocrx_word' id='word_1_62' title='bbox 518 1035 554 1074; x_wconf 85' lang='lat' dir='ltr'><strong>ex</strong></span> <span class='ocrx_word' id='word_1_63' title='bbox 568 1025 646 1089; x_wconf 86' lang='lat' dir='ltr'><strong>parte</strong></span> <span class='ocrx_word' id='word_1_64' title='bbox 661 1019 788 1074; x_wconf 82' lang='lat' dir='ltr'><strong>ministri</strong></span> <span class='ocrx_word' id='word_1_65' title='bbox 826 1056 1098 1078; x_wconf 83' lang='grc'><strong>.......</strong></span> <span class='ocrx_word' id='word_1_66' title='bbox 1136 1025 1206 1084; x_wconf 64' lang='lat' dir='ltr'><strong>tow</strong></span> 
     </span>
     <span class='ocr_line' id='line_1_11' title="bbox 221 1102 1205 1176; baseline 0.001 -16"><span class='ocrx_word' id='word_1_67' title='bbox 221 1105 356 1174; x_wconf 48' lang='lat' dir='ltr'><strong>Quaerwt</strong></span> <span class='ocrx_word' id='word_1_68' title='bbox 369 1102 831 1176; x_wconf 81' lang='lat' dir='ltr'><strong>quinamsitministersacriiicii?</strong></span> <span class='ocrx_word' id='word_1_69' title='bbox 866 1127 872 1155; x_wconf 89' lang='grc'><strong>.-</strong></span> <span class='ocrx_word' id='word_1_70' title='bbox 910 1141 917 1154; x_wconf 88' lang='grc'><strong>.</strong></span> <span class='ocrx_word' id='word_1_71' title='bbox 954 1144 961 1156; x_wconf 93' lang='grc'><strong>.</strong></span> <span class='ocrx_word' id='word_1_72' title='bbox 998 1139 1007 1158; x_wconf 85' lang='grc'><strong>.</strong></span> <span class='ocrx_word' id='word_1_73' title='bbox 1043 1109 1051 1161; x_wconf 77' lang='grc'><strong>.’</strong></span> <span class='ocrx_word' id='word_1_74' title='bbox 1089 1147 1095 1160; x_wconf 94' lang='grc'><strong>.</strong></span> <span class='ocrx_word' id='word_1_75' title='bbox 1134 1111 1205 1167; x_wconf 72' lang='lat' dir='ltr'><strong>ibid.</strong></span> 
     </span>
    </p>
   </div>
   <div class='ocr_carea' id='block_1_6' title="bbox 136 1190 1279 3372">
    <p class='ocr_par' dir='ltr' id='par_1_7' title="bbox 218 1177 1279 1342">
     <span class='ocr_line' id='line_1_12' title="bbox 218 1190 1204 1264; baseline 0.006 -15"><span class='ocrx_word' id='word_1_76' title='bbox 218 1195 309 1264; x_wconf 80' lang='lat' dir='ltr'><strong>Resp</strong></span> <span class='ocrx_word' id='word_1_77' title='bbox 326 1196 354 1248; x_wconf 91' lang='lat' dir='ltr'><strong>et</strong></span> <span class='ocrx_word' id='word_1_78' title='bbox 368 1193 450 1262; x_wconf 87' lang='lat' dir='ltr'><strong>proh.</strong></span> <span class='ocrx_word' id='word_1_79' title='bbox 466 1191 492 1248; x_wconf 98' lang='grc'><strong>1.</strong></span> <span class='ocrx_word' id='word_1_80' title='bbox 508 1191 649 1247; x_wconf 77' lang='lat' dir='ltr'><strong>Christum</strong></span> <span class='ocrx_word' id='word_1_81' title='bbox 664 1190 891 1246; x_wconf 90' lang='lat' dir='ltr'><strong>esseministrum</strong></span> <span class='ocrx_word' id='word_1_82' title='bbox 905 1193 1097 1264; x_wconf 78' lang='lat' dir='ltr'><strong>principalem.</strong></span> <span class='ocrx_word' id='word_1_83' title='bbox 1135 1199 1204 1254; x_wconf 72' lang='lat' dir='ltr'><strong>isid.</strong></span> 
     </span>
     <span class='ocr_line' id='line_1_13' title="bbox 220 1280 1147 1342; baseline 0.003 -2"><span class='ocrx_word' id='word_1_84' title='bbox 220 1283 249 1340; x_wconf 74' lang='lat'><strong>2.</strong></span> <span class='ocrx_word' id='word_1_85' title='bbox 266 1283 440 1338; x_wconf 76' lang='lat' dir='ltr'>sacerdotem</span> <span class='ocrx_word' id='word_1_86' title='bbox 467 1297 529 1337; x_wconf 87' lang='lat' dir='ltr'><strong>esse</strong></span> <span class='ocrx_word' id='word_1_87' title='bbox 544 1281 700 1336; x_wconf 90' lang='lat' dir='ltr'><strong>ministrum</strong></span> <span class='ocrx_word' id='word_1_88' title='bbox 726 1280 952 1337; x_wconf 84' lang='lat' dir='ltr'><strong>secundarium</strong></span> <span class='ocrx_word' id='word_1_89' title='bbox 945 1299 974 1336; x_wconf 91' lang='grc' dir='ltr'><strong>ιιι</strong></span> <span class='ocrx_word' id='word_1_90' title='bbox 996 1287 1097 1342; x_wconf 87' lang='lat' dir='ltr'><strong>stricto</strong></span> <span class='ocrx_word' id='word_1_91' title='bbox 1144 1309 1147 1314; x_wconf 24' lang='grc' dir='ltr'><strong>Δ</strong></span> 
     </span>
    </p>

    <p class='ocr_par' dir='ltr' id='par_1_8' title="bbox 221 1377 1279 1530">
     <span class='ocr_line' id='line_1_14' title="bbox 298 1377 1279 1432; baseline 0.002 -7"><span class='ocrx_word' id='word_1_92' title='bbox 298 1386 382 1426; x_wconf 88' lang='lat' dir='ltr'><strong>sensu</strong></span> <span class='ocrx_word' id='word_1_93' title='bbox 418 1403 1094 1428; x_wconf 76' lang='lat'><strong>················</strong></span> <span class='ocrx_word' id='word_1_94' title='bbox 1169 1377 1206 1432; x_wconf 77' lang='lat'><strong>82</strong></span> <span class='ocrx_word' id='word_1_95' title='bbox 1278 1385 1279 1390; x_wconf 74' lang='grc'>’</span> 
     </span>
     <span class='ocr_line' id='line_1_15' title="bbox 221 1455 1096 1530; baseline -0.003 -15"><span class='ocrx_word' id='word_1_96' title='bbox 221 1457 362 1530; x_wconf 50' lang='lat' dir='ltr'><strong>32fldelee</strong></span> <span class='ocrx_word' id='word_1_97' title='bbox 389 1471 453 1512; x_wconf 89' lang='lat' dir='ltr'><strong>esse</strong></span> <span class='ocrx_word' id='word_1_98' title='bbox 473 1455 643 1510; x_wconf 89' lang='lat' dir='ltr'><strong>ministros</strong></span> <span class='ocrx_word' id='word_1_99' title='bbox 636 1471 665 1509; x_wconf 91' lang='grc' dir='ltr'><strong>ιιι</strong></span> <span class='ocrx_word' id='word_1_100' title='bbox 693 1455 750 1510; x_wconf 84' lang='lat' dir='ltr'><strong>lato</strong></span> <span class='ocrx_word' id='word_1_101' title='bbox 765 1471 866 1521; x_wconf 89' lang='lat' dir='ltr'><strong>seusu;</strong></span> <span class='ocrx_word' id='word_1_102' title='bbox 886 1486 921 1497; x_wconf 96' lang='lat'>-</span> <span class='ocrx_word' id='word_1_103' title='bbox 945 1460 1021 1528; x_wconf 87' lang='lat' dir='ltr'><strong>quod</strong></span> <span class='ocrx_word' id='word_1_104' title='bbox 1044 1477 1096 1516; x_wconf 85' lang='lat' dir='ltr'><strong>ex-</strong></span> 
     </span>
    </p>

    <p class='ocr_par' dir='ltr' id='par_1_9' title="bbox 149 1539 1204 1791">
     <span class='ocr_line' id='line_1_16' title="bbox 149 1539 1204 1615; baseline 0.003 -16"><span class='ocrx_word' id='word_1_105' title='bbox 149 1539 151 1544; x_wconf 79' lang='grc'><strong>’</strong></span> <span class='ocrx_word' id='word_1_106' title='bbox 291 1545 409 1615; x_wconf 73' lang='lat' dir='ltr'>plicatur</span> <span class='ocrx_word' id='word_1_107' title='bbox 420 1574 1095 1600; x_wconf 78' lang='lat'><strong>················</strong></span> <span class='ocrx_word' id='word_1_108' title='bbox 1133 1553 1204 1608; x_wconf 72' lang='lat' dir='ltr'><strong>itta.</strong></span> 
     </span>
     <span class='ocr_line' id='line_1_17' title="bbox 221 1627 1204 1701; baseline 0.003 -16"><span class='ocrx_word' id='word_1_109' title='bbox 221 1633 314 1700; x_wconf 85' lang='lat' dir='ltr'><strong>Quaer.</strong></span> <span class='ocrx_word' id='word_1_110' title='bbox 337 1631 367 1686; x_wconf 73' lang='lat'><strong>2⁰</strong></span> <span class='ocrx_word' id='word_1_111' title='bbox 381 1645 507 1701; x_wconf 77' lang='lat' dir='ltr'><strong>quanam</strong></span> <span class='ocrx_word' id='word_1_112' title='bbox 520 1627 694 1684; x_wconf 86' lang='lat' dir='ltr'><strong>conditiones</strong></span> <span class='ocrx_word' id='word_1_113' title='bbox 711 1628 887 1701; x_wconf 68' lang='lat' dir='ltr'><strong>requirantur</strong></span> <span class='ocrx_word' id='word_1_114' title='bbox 896 1628 926 1682; x_wconf 89' lang='lat' dir='ltr'><strong>in</strong></span> <span class='ocrx_word' id='word_1_115' title='bbox 940 1629 1069 1686; x_wconf 80' lang='lat' dir='ltr'><strong>mirristro</strong></span> <span class='ocrx_word' id='word_1_116' title='bbox 1083 1636 1094 1688; x_wconf 78' lang='lat' dir='ltr'><strong>t</strong></span> <span class='ocrx_word' id='word_1_117' title='bbox 1168 1638 1204 1693; x_wconf 88' lang='lat'><strong>83</strong></span> 
     </span>
     <span class='ocr_line' id='line_1_18' title="bbox 221 1705 1095 1791; baseline 0.003 -19"><span class='ocrx_word' id='word_1_118' title='bbox 221 1719 308 1788; x_wconf 82' lang='lat' dir='ltr'><strong>Resp.</strong></span> <span class='ocrx_word' id='word_1_119' title='bbox 323 1719 427 1772; x_wconf 90' lang='lat' dir='ltr'><strong>nuttam</strong></span> <span class='ocrx_word' id='word_1_120' title='bbox 442 1717 592 1787; x_wconf 82' lang='lat' dir='ltr'>specialem</span> <span class='ocrx_word' id='word_1_121' title='bbox 604 1715 720 1785; x_wconf 85' lang='lat' dir='ltr'><strong>requiri,</strong></span> <span class='ocrx_word' id='word_1_122' title='bbox 736 1705 837 1785; x_wconf 87' lang='lat' dir='ltr'><strong>praeter</strong></span> <span class='ocrx_word' id='word_1_123' title='bbox 851 1715 955 1769; x_wconf 88' lang='lat' dir='ltr'><strong>condit.</strong></span> <span class='ocrx_word' id='word_1_124' title='bbox 970 1717 999 1774; x_wconf 87' lang='lat' dir='ltr'><strong>in</strong></span> <span class='ocrx_word' id='word_1_125' title='bbox 1018 1734 1095 1791; x_wconf 84' lang='lat' dir='ltr'><strong>resp.</strong></span> 
     </span>
    </p>

    <p class='ocr_par' dir='ltr' id='par_1_10' title="bbox 220 1805 1279 2056">
     <span class='ocr_line' id='line_1_19' title="bbox 292 1805 1279 1874; baseline 0.009 -17"><span class='ocrx_word' id='word_1_126' title='bbox 292 1805 471 1874; x_wconf 81' lang='lat' dir='ltr'><strong>adtquaest.</strong></span> <span class='ocrx_word' id='word_1_127' title='bbox 487 1805 644 1874; x_wconf 80' lang='lat' dir='ltr'><strong>suppositas</strong></span> <span class='ocrx_word' id='word_1_128' title='bbox 647 1837 1053 1858; x_wconf 46' lang='lat'><strong>··········</strong></span> <span class='ocrx_word' id='word_1_129' title='bbox 1085 1813 1097 1860; x_wconf 85' lang='lat'><strong>‘.</strong></span> <span class='ocrx_word' id='word_1_130' title='bbox 1134 1810 1203 1867; x_wconf 75' lang='lat' dir='ltr'><strong>ibid.</strong></span> <span class='ocrx_word' id='word_1_131' title='bbox 1278 1827 1279 1854; x_wconf 69' lang='grc' dir='ltr'><strong>ι</strong></span> 
     </span>
     <span class='ocr_line' id='line_1_20' title="bbox 221 1891 1279 1968; baseline -0.003 -19"><span class='ocrx_word' id='word_1_132' title='bbox 221 1893 373 1950; x_wconf 75' lang='lat' dir='ltr'><strong>Amicii.</strong></span> <span class='ocrx_word' id='word_1_133' title='bbox 388 1895 429 1948; x_wconf 89' lang='lat' dir='ltr'><strong>De</strong></span> <span class='ocrx_word' id='word_1_134' title='bbox 447 1891 530 1947; x_wconf 87' lang='lat' dir='ltr'><strong>cond.</strong></span> <span class='ocrx_word' id='word_1_135' title='bbox 546 1896 674 1961; x_wconf 83' lang='lat' dir='ltr'><strong>exparte</strong></span> <span class='ocrx_word' id='word_1_136' title='bbox 688 1891 914 1947; x_wconf 74' lang='lat' dir='ltr'><strong>clementorum.</strong></span> <span class='ocrx_word' id='word_1_137' title='bbox 950 1929 957 1943; x_wconf 88' lang='lat'><strong>.</strong></span> <span class='ocrx_word' id='word_1_138' title='bbox 1085 1935 1092 1948; x_wconf 93' lang='lat'><strong>.</strong></span> <span class='ocrx_word' id='word_1_139' title='bbox 1130 1899 1202 1956; x_wconf 72' lang='lat' dir='ltr'><strong>inid.</strong></span> <span class='ocrx_word' id='word_1_140' title='bbox 1278 1963 1279 1968; x_wconf 13' lang='grc' dir='ltr'>ι</span> 
     </span>
     <span class='ocr_line' id='line_1_21' title="bbox 220 1980 1050 2056; baseline -0.006 -21"><span class='ocrx_word' id='word_1_141' title='bbox 220 1982 233 2050; x_wconf 68' lang='grc'>5</span> <span class='ocrx_word' id='word_1_142' title='bbox 253 1981 279 2035; x_wconf 94' lang='grc'><strong>1.</strong></span> <span class='ocrx_word' id='word_1_143' title='bbox 294 2010 329 2022; x_wconf 93' lang='grc'>-</span> <span class='ocrx_word' id='word_1_144' title='bbox 343 1981 384 2034; x_wconf 88' lang='lat' dir='ltr'><strong>De</strong></span> <span class='ocrx_word' id='word_1_145' title='bbox 398 1980 523 2035; x_wconf 77' lang='lat' dir='ltr'><strong>materia.</strong></span> <span class='ocrx_word' id='word_1_146' title='bbox 829 2053 832 2056; x_wconf 19' lang='grc' dir='ltr'>ι</span> <span class='ocrx_word' id='word_1_147' title='bbox 1048 2037 1050 2044; x_wconf 43' lang='grc'><strong>,</strong></span> 
     </span>
    </p>

    <p class='ocr_par' dir='ltr' id='par_1_11' title="bbox 136 2057 1279 2401">
     <span class='ocr_line' id='line_1_22' title="bbox 221 2057 1204 2136; baseline 0.005 -14"><span class='ocrx_word' id='word_1_148' title='bbox 221 2069 256 2136; x_wconf 92' lang='lat' dir='ltr'><strong>Q.</strong></span> <span class='ocrx_word' id='word_1_149' title='bbox 270 2069 306 2122; x_wconf 84' lang='grc'><strong>10.</strong></span> <span class='ocrx_word' id='word_1_150' title='bbox 319 2068 458 2136; x_wconf 75' lang='lat' dir='ltr'><strong>Quaenam</strong></span> <span class='ocrx_word' id='word_1_151' title='bbox 473 2068 507 2122; x_wconf 90' lang='lat' dir='ltr'><strong>sit</strong></span> <span class='ocrx_word' id='word_1_152' title='bbox 517 2068 645 2136; x_wconf 86' lang='lat' dir='ltr'><strong>materia,</strong></span> <span class='ocrx_word' id='word_1_153' title='bbox 665 2083 715 2122; x_wconf 85' lang='lat' dir='ltr'><strong>sen</strong></span> <span class='ocrx_word' id='word_1_154' title='bbox 738 2067 861 2136; x_wconf 84' lang='lat' dir='ltr'><strong>victima,</strong></span> <span class='ocrx_word' id='word_1_155' title='bbox 878 2067 1024 2124; x_wconf 83' lang='lat' dir='ltr'><strong>sacrificii?</strong></span> <span class='ocrx_word' id='word_1_156' title='bbox 1039 2109 1047 2126; x_wconf 90' lang='lat'><strong>.</strong></span> <span class='ocrx_word' id='word_1_157' title='bbox 1085 2110 1094 2126; x_wconf 96' lang='lat'><strong>.</strong></span> <span class='ocrx_word' id='word_1_158' title='bbox 1130 2057 1204 2130; x_wconf 73' lang='lat' dir='ltr'><strong>itia.</strong></span> 
     </span>
     <span class='ocr_line' id='line_1_23' title="bbox 136 2153 1279 2234; baseline 0.002 -24"><span class='ocrx_word' id='word_1_159' title='bbox 136 2221 141 2224; x_wconf 74' lang='lat'><strong>.</strong></span> <span class='ocrx_word' id='word_1_160' title='bbox 220 2156 255 2210; x_wconf 88' lang='lat' dir='ltr'><strong>R.</strong></span> <span class='ocrx_word' id='word_1_161' title='bbox 276 2159 305 2210; x_wconf 88' lang='lat' dir='ltr'><strong>et</strong></span> <span class='ocrx_word' id='word_1_162' title='bbox 318 2157 398 2226; x_wconf 88' lang='lat' dir='ltr'><strong>prob</strong></span> <span class='ocrx_word' id='word_1_163' title='bbox 414 2156 557 2212; x_wconf 85' lang='lat' dir='ltr'><strong>victimam</strong></span> <span class='ocrx_word' id='word_1_164' title='bbox 583 2171 647 2210; x_wconf 90' lang='lat' dir='ltr'><strong>esse</strong></span> <span class='ocrx_word' id='word_1_165' title='bbox 669 2153 820 2222; x_wconf 74' lang='lat' dir='ltr'><strong>Christum,</strong></span> <span class='ocrx_word' id='word_1_166' title='bbox 836 2159 972 2226; x_wconf 83' lang='lat' dir='ltr'><strong>quatenus</strong></span> <span class='ocrx_word' id='word_1_167' title='bbox 1000 2159 1094 2214; x_wconf 88' lang='lat' dir='ltr'><strong>conti-</strong></span> <span class='ocrx_word' id='word_1_168' title='bbox 1278 2225 1279 2234; x_wconf 18' lang='grc' dir='ltr'>ι</span> 
     </span>
     <span class='ocr_line' id='line_1_24' title="bbox 291 2235 1279 2324; baseline -0.008 -26"><span class='ocrx_word' id='word_1_169' title='bbox 291 2244 433 2299; x_wconf 86' lang='lat' dir='ltr'><strong>uetursub</strong></span> <span class='ocrx_word' id='word_1_170' title='bbox 449 2243 683 2324; x_wconf 84' lang='lat' dir='ltr'><strong>speciebuepanis</strong></span> <span class='ocrx_word' id='word_1_171' title='bbox 698 2242 798 2303; x_wconf 87' lang='lat' dir='ltr'><strong>etvini</strong></span> <span class='ocrx_word' id='word_1_172' title='bbox 819 2277 1096 2298; x_wconf 87' lang='grc'><strong>.......</strong></span> <span class='ocrx_word' id='word_1_173' title='bbox 1134 2248 1203 2304; x_wconf 61' lang='lat' dir='ltr'><strong>thia,</strong></span> <span class='ocrx_word' id='word_1_174' title='bbox 1278 2235 1279 2290; x_wconf 83' lang='lat'><em>]</em></span> 
     </span>
     <span class='ocr_line' id='line_1_25' title="bbox 220 2315 1133 2401; baseline 0.005 -17"><span class='ocrx_word' id='word_1_175' title='bbox 220 2331 255 2397; x_wconf 88' lang='lat' dir='ltr'><strong>Q.</strong></span> <span class='ocrx_word' id='word_1_176' title='bbox 266 2331 305 2386; x_wconf 74' lang='grc'><strong>20.</strong></span> <span class='ocrx_word' id='word_1_177' title='bbox 313 2331 446 2398; x_wconf 73' lang='lat' dir='ltr'><strong>Quaenam</strong></span> <span class='ocrx_word' id='word_1_178' title='bbox 461 2332 565 2386; x_wconf 88' lang='lat' dir='ltr'><strong>candit.</strong></span> <span class='ocrx_word' id='word_1_179' title='bbox 578 2331 791 2401; x_wconf 85' lang='lat' dir='ltr'><strong>requiranturin</strong></span> <span class='ocrx_word' id='word_1_180' title='bbox 802 2315 924 2396; x_wconf 87' lang='lat' dir='ltr'><strong>victima,</strong></span> <span class='ocrx_word' id='word_1_181' title='bbox 931 2347 992 2400; x_wconf 82' lang='lat' dir='ltr'><strong>seu,</strong></span> <span class='ocrx_word' id='word_1_182' title='bbox 1001 2335 1133 2394; x_wconf 75' lang='lat' dir='ltr'><strong>utrium</strong></span> 
     </span>
    </p>

    <p class='ocr_par' dir='ltr' id='par_1_12' title="bbox 291 2417 1095 2477">
     <span class='ocr_line' id='line_1_26' title="bbox 291 2417 1095 2477; baseline 0.002 -5"><span class='ocrx_word' id='word_1_183' title='bbox 291 2417 327 2472; x_wconf 81' lang='lat' dir='ltr'><strong>ed</strong></span> <span class='ocrx_word' id='word_1_184' title='bbox 350 2417 515 2470; x_wconf 81' lang='lat' dir='ltr'><strong>sacrificium</strong></span> <span class='ocrx_word' id='word_1_185' title='bbox 541 2419 660 2475; x_wconf 86' lang='lat' dir='ltr'><strong>sufficiat</strong></span> <span class='ocrx_word' id='word_1_186' title='bbox 682 2433 734 2472; x_wconf 87' lang='lat' dir='ltr'><strong>nec</strong></span> <span class='ocrx_word' id='word_1_187' title='bbox 758 2433 794 2473; x_wconf 87' lang='lat' dir='ltr'><strong>ne</strong></span> <span class='ocrx_word' id='word_1_188' title='bbox 819 2419 991 2477; x_wconf 84' lang='lat' dir='ltr'><strong>consecratio</strong></span> <span class='ocrx_word' id='word_1_189' title='bbox 1014 2421 1095 2474; x_wconf 89' lang='lat' dir='ltr'><strong>unius</strong></span> 
     </span>
    </p>

    <p class='ocr_par' dir='ltr' id='par_1_13' title="bbox 219 2503 1202 2663">
     <span class='ocr_line' id='line_1_27' title="bbox 290 2503 1202 2572; baseline 0.002 -16"><span class='ocrx_word' id='word_1_190' title='bbox 290 2503 413 2572; x_wconf 85' lang='lat' dir='ltr'><strong>speciei?</strong></span> <span class='ocrx_word' id='word_1_191' title='bbox 463 2537 1094 2560; x_wconf 83' lang='grc'><strong>...............</strong></span> <span class='ocrx_word' id='word_1_192' title='bbox 1165 2509 1202 2562; x_wconf 73' lang='grc'><strong>81</strong></span> 
     </span>
     <span class='ocr_line' id='line_1_28' title="bbox 219 2551 1095 2663; baseline 0.002 -15"><span class='ocrx_word' id='word_1_193' title='bbox 219 2591 377 2662; x_wconf 84' lang='lat' dir='ltr'><strong>Exponitnr</strong></span> <span class='ocrx_word' id='word_1_194' title='bbox 402 2591 600 2658; x_wconf 86' lang='lat' dir='ltr'><strong>controversia,</strong></span> <span class='ocrx_word' id='word_1_195' title='bbox 622 2596 650 2646; x_wconf 90' lang='lat' dir='ltr'><strong>et</strong></span> <span class='ocrx_word' id='word_1_196' title='bbox 669 2593 844 2648; x_wconf 80' lang='lat' dir='ltr'><strong>concluditur</strong></span> <span class='ocrx_word' id='word_1_197' title='bbox 852 2551 1029 2663; x_wconf 68' lang='lat' dir='ltr'><strong>probabilius</strong></span> <span class='ocrx_word' id='word_1_198' title='bbox 1048 2611 1095 2650; x_wconf 90' lang='lat' dir='ltr'><strong>re·</strong></span> 
     </span>
    </p>

    <p class='ocr_par' dir='ltr' id='par_1_14' title="bbox 219 2669 1279 2928">
     <span class='ocr_line' id='line_1_29' title="bbox 229 2669 1279 2756; baseline 0.003 -21"><span class='ocrx_word' id='word_1_199' title='bbox 229 2719 231 2726; x_wconf 46' lang='grc'><strong>.</strong></span> <span class='ocrx_word' id='word_1_200' title='bbox 290 2681 363 2753; x_wconf 84' lang='lat' dir='ltr'><strong>quiri</strong></span> <span class='ocrx_word' id='word_1_201' title='bbox 377 2669 616 2736; x_wconf 88' lang='lat' dir='ltr'><strong>consecrationem</strong></span> <span class='ocrx_word' id='word_1_202' title='bbox 630 2669 775 2752; x_wconf 86' lang='lat' dir='ltr'><strong>utriusque</strong></span> <span class='ocrx_word' id='word_1_203' title='bbox 790 2681 896 2752; x_wconf 84' lang='lat' dir='ltr'><strong>speciei</strong></span> <span class='ocrx_word' id='word_1_204' title='bbox 939 2720 946 2736; x_wconf 96' lang='lat'><strong>.</strong></span> <span class='ocrx_word' id='word_1_205' title='bbox 988 2721 996 2738; x_wconf 92' lang='lat'><strong>.</strong></span> <span class='ocrx_word' id='word_1_206' title='bbox 1038 2721 1046 2737; x_wconf 90' lang='lat'><strong>.</strong></span> <span class='ocrx_word' id='word_1_207' title='bbox 1086 2723 1093 2738; x_wconf 91' lang='lat'><strong>.</strong></span> <span class='ocrx_word' id='word_1_208' title='bbox 1130 2683 1198 2740; x_wconf 73' lang='lat' dir='ltr'><strong>itio.</strong></span> <span class='ocrx_word' id='word_1_209' title='bbox 1278 2719 1279 2756; x_wconf 38' lang='grc' dir='ltr'><strong>ι</strong></span> 
     </span>
     <span class='ocr_line' id='line_1_30' title="bbox 220 2767 1279 2842; baseline -0.005 -17"><span class='ocrx_word' id='word_1_210' title='bbox 220 2771 324 2842; x_wconf 57' lang='grc'><strong>52-</strong></span> <span class='ocrx_word' id='word_1_211' title='bbox 339 2769 380 2825; x_wconf 86' lang='lat' dir='ltr'><strong>De</strong></span> <span class='ocrx_word' id='word_1_212' title='bbox 390 2771 487 2825; x_wconf 74' lang='lat' dir='ltr'><strong>s.orma</strong></span> <span class='ocrx_word' id='word_1_213' title='bbox 1278 2767 1279 2776; x_wconf 75' lang='grc'>’</span> 
     </span>
     <span class='ocr_line' id='line_1_31' title="bbox 219 2857 1158 2932; baseline 0 -18"><span class='ocrx_word' id='word_1_214' title='bbox 219 2859 254 2927; x_wconf 92' lang='lat' dir='ltr'><strong>Q.</strong></span> <span class='ocrx_word' id='word_1_215' title='bbox 268 2860 401 2932; x_wconf 71' lang='lat' dir='ltr'><strong>Quaenam</strong></span> <span class='ocrx_word' id='word_1_216' title='bbox 416 2858 462 2925; x_wconf 89' lang='lat' dir='ltr'><strong>sit,</strong></span> <span class='ocrx_word' id='word_1_217' title='bbox 471 2873 521 2913; x_wconf 90' lang='lat' dir='ltr'><strong>seu</strong></span> <span class='ocrx_word' id='word_1_218' title='bbox 536 2859 655 2927; x_wconf 80' lang='lat' dir='ltr'><strong>quanam</strong></span> <span class='ocrx_word' id='word_1_219' title='bbox 667 2859 787 2927; x_wconf 78' lang='lat' dir='ltr'><strong>actione,</strong></span> <span class='ocrx_word' id='word_1_220' title='bbox 804 2861 850 2917; x_wconf 88' lang='lat' dir='ltr'><strong>aut</strong></span> <span class='ocrx_word' id='word_1_221' title='bbox 861 2857 1029 2928; x_wconf 79' lang='lat' dir='ltr'><strong>quibusnam</strong></span> <span class='ocrx_word' id='word_1_222' title='bbox 1043 2875 1094 2914; x_wconf 83' lang='lat' dir='ltr'><strong>ae-</strong></span> <span class='ocrx_word' id='word_1_223' title='bbox 1156 2908 1158 2918; x_wconf 81' lang='grc'>,</span> 
     </span>
    </p>

    <p class='ocr_par' dir='ltr' id='par_1_15' title="bbox 219 2935 1279 3111">
     <span class='ocr_line' id='line_1_32' title="bbox 260 2945 1204 3016; baseline 0.002 -13.063"><span class='ocrx_word' id='word_1_224' title='bbox 260 2945 785 3016; x_wconf 81' lang='lat' dir='ltr'><strong>tionibuspersrciatursacrificium?</strong></span> <span class='ocrx_word' id='word_1_225' title='bbox 819 2984 825 2998; x_wconf 95' lang='lat'><strong>.</strong></span> <span class='ocrx_word' id='word_1_226' title='bbox 864 2977 899 2996; x_wconf 68' lang='lat'><strong>·‹</strong></span> <span class='ocrx_word' id='word_1_227' title='bbox 908 2983 1093 2999; x_wconf 86' lang='lat'><strong>.....</strong></span> <span class='ocrx_word' id='word_1_228' title='bbox 1165 2946 1204 3002; x_wconf 79' lang='lat'><strong>85</strong></span> 
     </span>
     <span class='ocr_line' id='line_1_33' title="bbox 219 3013 1094 3112; baseline 0.003 -26"><span class='ocrx_word' id='word_1_229' title='bbox 219 3021 254 3086; x_wconf 76' lang='lat' dir='ltr'><strong>it.</strong></span> <span class='ocrx_word' id='word_1_230' title='bbox 270 3039 298 3088; x_wconf 87' lang='lat' dir='ltr'><strong>et</strong></span> <span class='ocrx_word' id='word_1_231' title='bbox 312 3035 408 3104; x_wconf 83' lang='lat' dir='ltr'><strong>prob.</strong></span> <span class='ocrx_word' id='word_1_232' title='bbox 424 3033 449 3088; x_wconf 90' lang='lat' dir='ltr'><strong>t.</strong></span> <span class='ocrx_word' id='word_1_233' title='bbox 469 3035 711 3108; x_wconf 86' lang='lat' dir='ltr'><strong>consecrationem</strong></span> <span class='ocrx_word' id='word_1_234' title='bbox 736 3013 886 3112; x_wconf 73' lang='lat' dir='ltr'><strong>pertinere</strong></span> <span class='ocrx_word' id='word_1_235' title='bbox 893 3034 928 3088; x_wconf 89' lang='lat' dir='ltr'><strong>ad</strong></span> <span class='ocrx_word' id='word_1_236' title='bbox 944 3036 1094 3092; x_wconf 84' lang='lat' dir='ltr'><strong>essentiam</strong></span> 
     </span>
    </p>

    <p class='ocr_par' dir='ltr' id='par_1_16' title="bbox 288 3121 1094 3196">
     <span class='ocr_line' id='line_1_34' title="bbox 288 3121 1094 3196; baseline 0.006 -22"><span class='ocrx_word' id='word_1_237' title='bbox 288 3121 426 3187; x_wconf 82' lang='lat' dir='ltr'><strong>sacrificii,</strong></span> <span class='ocrx_word' id='word_1_238' title='bbox 442 3122 469 3174; x_wconf 78' lang='lat'><strong>2.</strong></span> <span class='ocrx_word' id='word_1_239' title='bbox 485 3124 754 3196; x_wconf 82' lang='lat' dir='ltr'><strong>consummationem</strong></span> <span class='ocrx_word' id='word_1_240' title='bbox 769 3123 973 3178; x_wconf 87' lang='lat' dir='ltr'><strong>sacramentia</strong></span> <span class='ocrx_word' id='word_1_241' title='bbox 1000 3140 1094 3178; x_wconf 85' lang='lat' dir='ltr'><strong>sacer·</strong></span> 
     </span>
    </p>

    <p class='ocr_par' dir='ltr' id='par_1_17' title="bbox 289 3205 1094 3279">
     <span class='ocr_line' id='line_1_35' title="bbox 289 3205 1094 3279; baseline 0.007 -21"><span class='ocrx_word' id='word_1_242' title='bbox 289 3205 354 3260; x_wconf 89' lang='lat' dir='ltr'><strong>dote</strong></span> <span class='ocrx_word' id='word_1_243' title='bbox 370 3207 510 3274; x_wconf 84' lang='lat' dir='ltr'><strong>pertinere</strong></span> <span class='ocrx_word' id='word_1_244' title='bbox 532 3208 568 3260; x_wconf 88' lang='lat' dir='ltr'><strong>ad</strong></span> <span class='ocrx_word' id='word_1_245' title='bbox 582 3209 767 3276; x_wconf 79' lang='lat' dir='ltr'><strong>integritatem</strong></span> <span class='ocrx_word' id='word_1_246' title='bbox 795 3213 910 3274; x_wconf 82' lang='lat' dir='ltr'><strong>tantum,</strong></span> <span class='ocrx_word' id='word_1_247' title='bbox 927 3207 954 3262; x_wconf 87' lang='lat'><strong>3.</strong></span> <span class='ocrx_word' id='word_1_248' title='bbox 973 3209 1094 3279; x_wconf 85' lang='lat' dir='ltr'><strong>reliquas</strong></span> 
     </span>
    </p>

    <p class='ocr_par' dir='ltr' id='par_1_18' title="bbox 288 3293 1093 3372">
     <span class='ocr_line' id='line_1_36' title="bbox 288 3293 1093 3372; baseline 0.007 -28"><span class='ocrx_word' id='word_1_249' title='bbox 288 3293 413 3346; x_wconf 85' lang='lat' dir='ltr'><strong>actiones</strong></span> <span class='ocrx_word' id='word_1_250' title='bbox 424 3293 601 3362; x_wconf 82' lang='lat' dir='ltr'><strong>(oblationes,</strong></span> <span class='ocrx_word' id='word_1_251' title='bbox 611 3297 785 3364; x_wconf 85' lang='lat' dir='ltr'><strong>tractionem,</strong></span> <span class='ocrx_word' id='word_1_252' title='bbox 800 3295 865 3367; x_wconf 86' lang='lat' dir='ltr'><strong>etc.)</strong></span> <span class='ocrx_word' id='word_1_253' title='bbox 881 3311 933 3350; x_wconf 86' lang='lat' dir='ltr'><strong>nec</strong></span> <span class='ocrx_word' id='word_1_254' title='bbox 943 3296 982 3372; x_wconf 71' lang='lat' dir='ltr'><strong>ari</strong></span> <span class='ocrx_word' id='word_1_255' title='bbox 994 3312 1093 3358; x_wconf 85' lang='lat' dir='ltr'><strong>essen-</strong></span> 
     </span>
    </p>
   </div>
   <div class='ocr_carea' id='block_1_7' title="bbox 7 3375 1212 3706">
    <p class='ocr_par' dir='ltr' id='par_1_19' title="bbox 7 3375 1212 3706">
     <span class='ocr_line' id='line_1_37' title="bbox 7 3375 1212 3706; baseline 0.017 -284"><span class='ocrx_word' id='word_1_256' title='bbox 7 3410 86 3706; x_wconf 77' lang='grc' dir='ltr'>Ι</span> <span class='ocrx_word' id='word_1_257' title='bbox 288 3375 364 3464; x_wconf 76' lang='lat' dir='ltr'><strong>tiam,</strong></span> <span class='ocrx_word' id='word_1_258' title='bbox 379 3393 431 3431; x_wconf 86' lang='lat' dir='ltr'><strong>rrec</strong></span> <span class='ocrx_word' id='word_1_259' title='bbox 445 3381 480 3434; x_wconf 86' lang='lat' dir='ltr'><strong>ad</strong></span> <span class='ocrx_word' id='word_1_260' title='bbox 494 3380 682 3460; x_wconf 80' lang='lat' dir='ltr'><strong>integritatem</strong></span> <span class='ocrx_word' id='word_1_261' title='bbox 698 3384 839 3457; x_wconf 85' lang='lat' dir='ltr'><strong>pertinere</strong></span> <span class='ocrx_word' id='word_1_262' title='bbox 860 3420 1092 3438; x_wconf 83' lang='lat'><strong>......</strong></span> <span class='ocrx_word' id='word_1_263' title='bbox 1166 3385 1212 3442; x_wconf 73' lang='lat'><strong>85</strong></span> 
     </span>
    </p>
   </div>
   <div class='ocr_carea' id='block_1_8' title="bbox 121 3709 184 3724">
    <p class='ocr_par' dir='ltr' id='par_1_20' title="bbox 121 3709 184 3724">
     <span class='ocr_line' id='line_1_38' title="bbox 121 3709 184 3724; baseline 0 0"><span class='ocrx_word' id='word_1_264' title='bbox 121 3709 184 3724; x_wconf 55' lang='lat' dir='ltr'><strong>Fu..</strong></span> 
     </span>
    </p>
   </div>
   <div class='ocr_carea' id='block_1_9' title="bbox 0 0 1290 3802">
    <p class='ocr_par' dir='ltr' id='par_1_21' title="bbox 0 0 1290 3802">
     <span class='ocr_line' id='line_1_39' title="bbox 0 0 1290 3802; baseline 0 0"><span class='ocrx_word' id='word_1_265' title='bbox 0 0 1290 3802; x_wconf 95' lang='lat' dir='ltr'><strong> </strong></span> 
     </span>
    </p>
   </div>
  </div>
 </body>
</html>
