2536 3826
649 209 805 278 ...2-

232 361 306 442 lias,
320 356 439 428 licet'in
451 354 569 424 iisdem
579 351 825 424 circumstantiis
838 317 1031 442 positastii‘c
1046 355 1126 421 'crat
1137 380 1162 423 r·

233 470 356 536 tionem
368 463 579 534 adulterasse.
589 463 689 530 Porro
701 461 772 532 lxaec
784 459 963 556 differentia
978 461 1131 549 explicari
1148 485 1232 532 non

230 587 351 666 potest,
369 573 431 640 nisi
454 572 640 640 admittatur
662 568 809 658 specialis
830 575 920 635 actus
937 567 997 636 Dei
1016 569 1232 658 providentis

202 732 215 746 „
232 676 653 771 adintegramrcvelationis
662 677 830 766 primitivae
840 677 1115 745 conservationem
1125 684 1231 769 apud

40 796 60 834 ⁸
212 789 370 860 “familias
382 787 625 878 patriarchales,
644 791 676 850 et
690 805 749 872 per
765 782 836 849 illas
853 781 1054 863 inuniverso
1070 769 1227 855 mundo.

238 916 252 964 t
275 895 311 964 2⁰
327 896 395 964 Sub
409 894 501 960 titulo
512 896 553 958 dc
567 889 758 956 Traditioae
769 889 812 971 (l)
825 889 1031 977 probavimus
1044 890 1227 960 revelatio·

212 1023 309 1071 “rtem
335 999 529 1088 primitivam
557 995 658 1072 luisse
672 1017 731 1086 per
748 995 954 1062 traditionem
970 997 1221 1067 transmissam.

227 1109 311 1174 Item
339 1104 490 1192 superius
519 1103 659 1174 diximus
690 1099 855 1190 quoddam
883 1103 1030 1170 medium
1061 1115 1225 1192 tempore

227 1210 487 1279 Patriarclrarum
503 1209 639 1278 existere
659 1205 812 1276 debuisse
833 1209 873 1274 ad
891 1207 1127 1293 dignoscendas
1146 1223 1224 1278 tra·

226 1317 369 1386 ditiones
383 1337 487 1396 veras,
506 1316 548 1383 ad
562 1312 811 1403 dijudicandum
826 1335 911 1382 verae
925 1315 1108 1382 traditionis
1135 1339 1223 1385 scn-

225 1423 409 1507 sum.„Quo
425 1421 541 1512 posito,
562 1422 613 1488 vel
625 1419 770 1490 medium
785 1421 874 1488 istud
893 1422 990 1488 situm
1002 1433 1071 1488 erat
1083 1413 1221 1492 iir'actu

171 1583 172 1588 ,
220 1522 1219 1619 'specialilteivelinauctoritatedicujussoeietsrispublicae,

222 1637 276 1704 'rel
288 1637 322 1702 in
337 1636 503 1705 communi
515 1655 676 1702 consensu
692 1634 917 1721 universarum
929 1635 1057 1719 generis
1068 1635 1219 1704 humani

224 1741 434 1808 familiarum.
448 1742 549 1807 Porro
559 1761 624 1808 non
637 1747 705 1808 erat
714 1741 812 1808 situm
824 1724 858 1806 id
870 1741 1058 1808 auctoritate
1068 1739 1218 1829 alicujus

135 1887 137 1895 ·
223 1846 562 1945 societadupublicae:
587 1847 751 1936 Scriptura
768 1847 854 1914 enim
871 1856 996 1914 constat
1019 1847 1217 1918 societatem

205 2013 207 2018 .
221 1953 414 2038 religiosam·
424 1953 572 2020 nondum
583 1953 638 2020 illo
653 1959 800 2042 tempore
810 1954 1017 2020 constitutam
1029 1953 1130 2023 fuisso
1144 1957 1217 2024 sub

221 2059 329 2128 forma
366 2060 526 2128 societatis
553 2058 711 2150 publicae,
745 2059 803 2127 sed
834 2072 912 2128 tunc
939 2061 1096 2129 exstitisse
1119 2063 1215 2132 intra

219 2165 340 2234 limites
361 2167 527 2234 societatis
555 2167 755 2234 domesticae.
771 2167 867 2245 ltem,
892 2188 953 2234 nee
973 2168 1006 2233 in
1032 2174 1213 2242 communi

221 2291 384 2339 consensu
399 2273 624 2338 unir'ersarum
638 2270 846 2337 familiarum:
861 2269 994 2340 historia
1010 2271 1098 2340 enim
1111 2285 1213 2358 teste,

220 2375 249 2444 si
258 2376 513 2464 patriarcharum
524 2373 722 2464 excipiantur
738 2374 881 2456 familiae,
891 2379 1040 2447 veritates
1052 2381 1212 2469 primitus

219 2481 373 2551 revelatae
390 2483 456 2550 lere
477 2483 570 2572 apud
586 2488 717 2551 caeteras
740 2503 853 2552 omnes
878 2486 941 2553 cito
956 2485 1088 2554 luerunt
1108 2489 1211 2557 adul-

221 2603 346 2658 seratas.
366 2591 461 2676 Ergo.
541 2598 543 2604 '
1075 2679 1078 2685 Δ

193 2721 196 2728 ’
265 2699 470 2781 Explicatis·
485 2695 536 2764 De
555 2703 671 2766 natura
696 2697 794 2786 hujus
814 2699 962 2786 specialis
987 2703 1078 2768 aetds
1094 2721 1209 2774 arnum

217 2802 448 2870 tantummodo
464 2815 601 2870 conmat.
628 2804 793 2892 Scriptura
816 2818 941 2873 certum
957 2816 1005 2875 est
1021 2809 1210 2900 Deum'per

153 2965 160 2972 .
205 2908 438 2997 ,apparitiones
458 2909 576 2998 saepiixs
599 2911 750 2998 repetitas
774 2911 954 2998 providisse
970 2915 1145 3002 integritati
1174 2927 1209 2987 ct

184 3035 296 3083 *vcro
311 3015 422 3082 sensui
433 3016 635 3082 revelationis
644 3015 714 3102 jam
730 3018 879 3106 primitias
896 3019 999 3088 leotae.
1239 3019 1240 3038 ³

264 3121 302 3188 ll.
322 3122 383 3189 Sua
399 3141 471 3188 cnon
488 3129 625 3202 nosaico,
641 3123 774 3208 integrae
799 3123 1033 3194 transmissioni
1050 3139 1081 3194 ct
1097 3130 1204 3218 expli·

204 3229 337 3298 cationi
352 3229 564 3327 revelationis
584 3230 769 3318 providerat
787 3231 876 3298 Deus
889 3255 948 3322 per
963 3235 1204 3306 institutionem
1234 3319 1235 3328 p

202 3335 393 3432 *sacerdotii
405 3335 640 3418 arrenici-scu
651 3338 799 3424 corporis
815 3341 1018 3410 sacerdotum
1036 3341 1097 3410 sub
1114 3341 1204 3414 Pon·
1233 3333 1235 3411 Ῐ

249 3555 290 3622 (t)
305 3557 373 3634 sect.
385 3555 416 3624 ll',
432 3560 539 3626 clepet,
555 3559 583 3609 Ξ·
591 3573 624 3624 p.
636 3559 677 3612 lt·
691 3573 728 3624 q.,
743 3573 816 3630 prop.
835 3565 862 3619 t.

34 3616 71 3728 l
