2562 3810
121 3733 167 3743 -ω

575 103 776 174 -956-

183 265 244 332 ton,
264 250 291 318 si
312 247 396 316 desit
418 245 599 338 presbyter,
618 244 872 332 exomologesim
889 243 995 314 lacero
1014 247 1176 328 marono,

184 368 221 425 nt
232 375 333 424 munet
349 355 394 422 eis
411 355 445 422 in
455 352 677 440 pestilentiam
702 352 854 438 irnpnsitti
877 353 1010 420 veniant
1035 355 1083 420 od
1106 355 1178 422 Do·

185 467 310 532 minttrn
333 463 491 561 inlpnre.
519 459 672 530 Eamtlcm
698 469 887 548 potestatem
923 460 1068 528 diaconis
1094 459 1178 528 olim

185 571 286 642 inisse
313 564 500 636 concessam
533 567 755 634 demonstrant
773 566 866 656 plura
899 567 1117 634 conciliorum
1144 575 1182 636 et

187 677 382 766 scriptorum
397 674 513 754 modim
525 673 627 742 aetatis
641 675 835 741 testimonia.
853 673 886 740 5.
900 673 941 742 D.
960 673 1104 742 Thomas
1126 676 1177 758 (in

187 784 209 856 t
226 794 309 852 arnt.
324 781 400 850 dist.
423 782 475 862 tl,
489 803 522 870 q.
546 781 579 861 5,
599 804 629 848 a.
643 780 674 862 5>
692 793 724 848 et
739 781 791 846 alii
805 781 915 870 plures
930 803 1004 848 eum
1022 782 1178 866 Magistro

188 903 344 971 sentent,
355 891 472 958 docent
487 889 519 956 in
531 909 609 956 casu
625 888 823 956 necessitatis
833 889 928 958 etiam
941 888 1177 958 laieumtieem

187 997 365 1068 sucerdotis
394 993 559 1084 supplere,
587 1006 623 1061 ut
650 994 680 1060 ei
704 992 866 1060 consessio
890 993 960 1061 steri
984 994 1086 1084 possit
1116 996 1174 1077 (l).

189 1105 289 1178 Porro
313 1103 447 1170 minimo
468 1101 607 1192 probant
631 1101 771 1169 rationes
793 1102 968 1190 praedictae.
987 1102 1175 1190 Siquidem,

232 1212 329 1299 ilcan.
349 1209 389 1280 oti
412 1209 477 1279 lm.
499 1208 531 1276 l.
555 1207 639 1278 Niltil
658 1207 773 1296 probat
789 1209 823 1276 S.
845 1207 1005 1276 iacobum
1023 1207 1117 1296 loqui
1133 1209 1176 1276 de

189 1315 393 1385 consessione
409 1315 634 1386 sacramentali
645 1338 654 1396 3
680 1334 745 1382 non
759 1319 974 1384 rorotautitm
993 1316 1033 1382 de
1051 1315 1177 1384 contos·

189 1422 281 1492 stone
304 1420 385 1490 tacto
405 1419 594 1490 humilitatis
611 1421 733 1502 studio,
753 1421 802 1490 rel
827 1423 868 1488 ad
883 1423 1060 1512 petendum
1084 1423 1177 1492 auxi-

190 1529 283 1610 lium,
311 1536 373 1595 ete.
393 1528 427 1596 2.
449 1527 541 1597 Juxta
570 1527 693 1617 plures,
726 1529 825 1600 verim
847 1531 880 1600 S.
907 1529 1019 1599 iacobi
1038 1531 1177 1619 intelligi

190 1648 325 1726 possunt
356 1635 397 1704 tio
420 1635 625 1704 consessione
641 1636 877 1716 sacramentali,
895 1637 979 1704 orleii
998 1649 1034 1705 ut
1059 1661 1178 1708 sensus

190 1743 231 1812 sit
249 1743 460 1834 confitemini,
485 1763 552 1810 non
575 1745 638 1812 soti
661 1745 744 1822 Deo,
761 1745 819 1810 sert
835 1743 1072 1811 sacerdotibus.
1087 1746 1179 1830 ‘Quae

191 1847 413 1937 interpretatio
437 1848 532 1936 sequi
554 1847 681 1916 ridetur
712 1869 749 1915 cx
777 1859 941 1920 contextu.
968 1847 1002 1916 S.
1031 1849 1178 1920 Jneobus

192 1955 392 2047 cuim(ters.
413 1956 455 2022 lt
471 1970 502 2024 et
529 1956 586 2047 tri)
604 1956 749 2045 loquitur
776 1956 817 2024 do
841 1957 986 2024 Extrema
1018 1957 1178 2026 Unctionc

192 2063 445 2147 administrandi
462 2085 521 2154 per
542 2063 748 2153 presbyteros
764 2087 773 2142 ;
792 2063 888 2144 dein„
901 2063 1064 2152 explicans
1081 2063 1178 2151 hujus

193 2173 385 2242 sacramenti
401 2172 549 2252 effectus,
567 2174 610 2239 ait
630 2195 638 2238 ι
663 2183 704 2252 et,
730 2173 759 2238 ri
778 2170 969 2257 inpeccatis
986 2170 1041 2250 sit,
1066 2173 1176 2238 reatit-

194 2289 302 2346 tcntur
325 2279 376 2356 ei,·
404 2279 552 2358 domum,
585 2299 643 2368 per
669 2279 804 2346 modum
825 2277 1043 2366 conclusionis
1069 2279 1173 2346 dicit:

196 2385 399 2474 confitemini
407 2386 685 2478 cryonlterutrum
695 2396 962 2480 necrotnoeelro,
980 2397 1016 2450 ut
1027 2385 1175 2452 ostendat

114 2525 115 2532 ι
194 2490 419 2560 remissionem
436 2502 644 2578 pcccatorum
662 2515 727 2562 non
748 2491 887 2561 obtineri
901 2493 1026 2580 absquo
1052 2489 1176 2560 'contos-

195 2600 287 2668 sione
303 2597 385 2664 lectt
405 2598 616 2688 presbyteris.
640 2646 643 2652 ι

238 2708 1175 2799 Adur,respmumtteneuutvz«Nomertesonoloqests
1255 2703 1256 2714 ’

195 2837 260 2892 nnn
277 2837 406 2905 sempor
426 2817 512 2907 opud
526 2818 639 2884 Patres
655 2815 813 2902 signifieat
829 2816 1066 2884 consessionem
1087 2836 1175 2882 arca·
1254 2819 1255 2830 ¹

196 2943 284 3004 narn,
311 2919 527 2990 auricularem
549 2932 579 2988 et
603 2918 888 3000 sacramentalem
911 2921 967 2988 set
988 2917 1176 3007 frequentet

197 3043 372 3118 usurpatur
387 3052 445 3117 pro
472 3029 585 3098 ultimo
606 3026 662 3095 illo
687 3028 762 3108 ritu,
783 3050 841 3099 sou
858 3043 930 3098 actu
956 3041 1103 3106 externo,
1122 3026 1175 3114 qui
1253 3099 1254 3133 1

196 3135 293 3200 totius
321 3133 516 3222 poenitentite
541 3135 681 3222 publicu
709 3133 854 3206 clausula
882 3149 962 3216 erat,
982 3147 1013 3203 et
1033 3133 1175 3222 comple·
1252 3171 1253 3202 ;

231 3315 265 3378 (1)
281 3319 338 3368 vicl.
349 3321 445 3371 testim.
459 3333 501 3384 ap.
515 3322 605 3374 llorln.
622 3327 766 3376 comment.
776 3323 837 3377 trist.
845 3325 891 3376 lib.
903 3323 966 3386 vill,
977 3337 1035 3389 cap.
1045 3323 1080 3376 95
1092 3331 1118 3377 ot
1128 3325 1175 3390 tlt

197 3385 310 3440 martene
320 3395 352 3442 ‹ln
361 3399 453 3458 Antio.
469 3401 568 3451 uerter.
582 3405 630 3452 rit.
639 3403 684 3452 iii).
695 3401 715 3462 1,
723 3415 781 3467 cap.
795 3405 915 3467 6,art.tt;
930 3404 1022 3468 colles,
1032 3407 1065 3458 tle
1080 3407 1174 3458 Ponit.

199 3465 265 3515 nort.
279 3463 305 3522 2,
319 3479 376 3529 cm.
392 3472 455 3522 Belo
469 3475 595 3540 ministro,
614 3485 641 3528 et
651 3478 723 3530 alios.
