2562 3810
465 117 667 181 ..221...

3 315 4 326 ,
66 255 103 320 9.
130 253 222 318 Idem
247 253 414 340 probatur,
444 259 478 321 t'tt
501 253 653 331 vidimus,
672 251 845 320 traditione
862 255 1055 341 etEeoiosim

3 345 5 366 ¹
65 359 329 428 definitionibus.

118 466 222 550 Odjic.
249 465 285 528 5⁰
311 465 544 534 Contritionom
562 481 594 533 et
613 465 813 554 propositum
833 467 1053 538 satisfaciendi

60 595 135 640 non
155 572 275 660 requiri
294 573 333 637 ad
353 573 577 640 remissionem
595 582 816 662 peecatorum,
834 575 890 640 sed
905 574 1054 642 suitieer'e

59 701 163 747 norae
180 681 256 746 vitae
271 680 519 748 institutionem.
538 683 616 750 Nam
638 683 668 748 t.
688 704 746 746 tot
760 702 863 766 graeca
881 688 944 770 qnd
958 686 1055 786 scrip·

61 805 157 854 tores
188 785 273 853 sacri
298 787 518 874 poeniteutiam
538 788 708 872 designant
740 788 899 872 signifieat
930 796 1055 858 tuntum

59 893 186 961 mentis
216 894 443 960 mutationem.
465 894 499 960 2.
519 894 588 961 Gal.
609 894 642 972 6,
674 895 797 962 15:122
826 897 952 962 Citrirto
978 899 1054 966 dcco

55 1020 170 1085 neque
190 1000 392 1064 circumcisio
422 1001 551 1085 aliquid
574 1003 687 1080 aaut,
715 1021 816 1087 raeque
839 1004 1050 1088 praeputium,

55 1107 126 1175 aed
140 1125 227 1171 croac
244 1117 408 1171 eractura.
428 1107 509 1191 Ergo
527 1107 692 1177 renovatio
712 1108 826 1176 mentis
843 1118 874 1176 ot
898 1110 969 1176 vitoe
986 1111 1053 1177 sui·

57 1215 133 1281 tieit
160 1212 199 1278 ud
227 1205 335 1279 arerem
356 1213 589 1301 poenitentiam,
609 1215 745 1302 proinde
770 1216 809 1282 ad
826 1217 1052 1286 remissionem

56 1327 288 1409 peecatorum,
302 1320 437 1407 proinde
450 1339 515 1386 non
527 1321 737 1409 requiruntur
750 1323 898 1390 contritio
914 1324 1052 1402 satisfac·

55 1427 229 1513 tionisque
243 1426 458 1515 propositum.

106 1532 208 1617 Hesp.
235 1530 281 1598 td
298 1553 406 1598 veram
440 1533 659 1621 paenitentiam
684 1535 801 1602 suffieit
822 1539 954 1624 quidem
978 1561 1050 1608 ntu-

51 1639 140 1705 tutio
154 1638 282 1718 mentis,
303 1659 382 1705 nova
401 1641 479 1718 tita3
499 1642 554 1710 scd
576 1643 714 1708 mutatio
733 1643 862 1723 montis,
881 1667 964 1734 nora
986 1647 1048 1712 ritu

52 1743 235 1812 includunt
260 1745 485 1812 contritionem
521 1760 553 1812 et
590 1749 789 1834 propositum
818 1749 1046 1820 satisfaciendi.

50 1851 235 1918 includunt
248 1851 474 1920 contritionem
495 1876 502 1918 τ
523 1873 614 1918 mens
632 1855 717 1918 enim
745 1854 783 1920 oti
811 1869 974 1922 creaturas
991 1878 1048 1944 per

49 1970 229 2050 peceatum
248 1976 401 2024 eortrersa
420 1977 484 2024 non
502 1966 607 2046 potest
626 1961 756 2038 mutari,
788 1960 847 2026 nisi
871 1961 911 2027 ad
940 1962 1046 2028 Deum

48 2065 173 2132 redeat
193 2082 251 2150 pet·
268 2063 468 2129 aversionem
485 2067 502 2129 a
530 2071 677 2130 ereatura
694 2077 724 2129 et
747 2067 990 2132 conversionem
1004 2068 1045 2132 i'd

48 2173 181 2248 Deum,
200 2189 270 2248 seu,
290 2169 378 2256 quod
403 2169 489 2236 idem
516 2179 575 2248 est,
594 2169 720 2256 absque
741 2172 944 2238 contritione.
963 2175 1044 2240 ltem

45 2280 114 2344 vita
136 2275 247 2342 cordis
270 2277 302 2341 in
325 2289 493 2363 peccatore
505 2297 569 2342 nou
585 2290 688 2364 potest
705 2277 773 2345 steri
791 2299 886 2358 novo,
901 2279 961 2346 nisi
975 2301 1047 2369 pee-

46 2395 146 2449 cator
177 2379 254 2444 odio
278 2379 396 2446 habeat
418 2381 688 2468 peccatumquod
706 2383 795 2469 prius
819 2383 985 2469 diligebat,
1012 2399 1044 2453 et

46 2491 163 2556 Deum
198 2484 310 2572 diligat
336 2505 434 2572 quem
464 2487 553 2575 prius
585 2488 663 2553 odio
687 2489 840 2556 itabobat.
869 2491 1043 2558 iuoiudunt

45 2592 258 2684 propositum
276 2591 520 2659 satisfactionis:
534 2594 633 2659 homo
646 2595 735 2660 enim
745 2617 810 2660 non
822 2611 926 2684 potest
935 2597 1041 2665 Deum

45 2703 205 2785 diligere,
225 2699 303 2786 quin
322 2699 398 2765 velit
410 2698 582 2766 observare
596 2700 769 2778 mandotu3
789 2723 886 2788 porro
899 2704 1041 2771 satisfac·

45 2809 92 2874 tio
111 2805 314 2895 praecipitur,
334 2815 371 2871 ut
390 2809 486 2892 supro
504 2805 718 2872 ostendimus.
741 2807 878 2872 Aliunde
895 2811 1042 2876 mutatio·

43 2935 129 2982 nem
147 2913 278 2991 mentis,
309 2933 424 2979 novom
436 2913 531 2979 vitam
549 2914 581 2976 in
599 2933 695 2978 sensu
721 2913 1038 2982 Pseudoroiormato»

42 3039 124 3085 rum
143 3035 208 3081 non
227 3014 376 3082 suissooro
393 3029 516 3082 constat
533 3015 702 3103 seriptum,
727 3016 897 3082 traditione
910 3026 941 3084 ot
956 3017 1038 3086 deoi-

40 3123 203 3192 sionibus
221 3121 381 3190 Ecclesiae.

88 3229 269 3318 speciatim
288 3228 383 3313 adjic.
407 3231 539 3296 minime
566 3231 779 3298 necessariam
799 3253 869 3298 csso
894 3231 1036 3298 sotisioe-

40 3340 172 3406 tionem
187 3336 362 3403 humanam
384 3358 443 3424 pro
465 3338 614 3424 peccatis.
637 3337 715 3405 Nam
736 3339 773 3404 i..
787 3339 942 3427 seriptum
964 3340 1032 3408 Vct.

38 3447 134 3514 Test.
156 3444 251 3512 docet
278 3443 396 3525 Deum,
425 3444 553 3534 quoties
578 3446 707 3512 comittit
736 3447 877 3536 cuipam,
903 3469 1034 3516 omnem
