2562 3810
593 161 727 230 -208
758 199 794 212 -

202 303 362 372 fessionis.
387 341 429 353 -
464 303 650 370 Dicimusd
680 304 792 390 pori:
820 298 961 368 rationes
991 302 1079 368 euim
1114 323 1192 390 quae

202 413 330 478 obstant
351 409 553 499 possibilitati
581 409 794 486 innovationis
820 401 902 474 circa
927 408 1016 496 prius
1049 409 1189 495 dogma,

202 521 330 586 obstant
354 519 449 585 ctiam
468 519 546 604 quin
568 517 650 584 circa
668 517 828 606 posterius
854 514 1017 580 innovatio
1036 515 1106 582 fieri
1133 537 1192 604 po·

201 624 309 692 tuerit.
323 624 349 690 A
362 624 517 710 fortiori:
533 621 693 710 siquidem
713 623 829 706 dogma
849 629 880 686 et
896 609 1095 708 praeceptum
1109 643 1189 690 con-

201 731 348 798 fessionis
366 727 467 816 magis
483 729 672 796 contradicit
691 749 728 794 ac
749 741 907 816 repugnat
923 727 1097 793 hominum
1112 751 1188 816 pas·

202 838 348 906 sionibus
362 845 392 902 et
410 837 587 924 praesertim
605 834 780 922 superbiae,
805 833 1038 928 quam-dogma
1056 835 1098 900 de
1112 855 1189 924 sep·

200 943 325 1012 terrario
342 957 616 1012 sacramentorum
637 961 785 1007 numero.

245 1054 304 1118 Pr.
323 1051 372 1117 δᾶ.
393 1050 515 1116 Concii.
527 1050 617 1116 Trid.
630 1046 786 1126 sesssfi,
803 1068 875 1112 can.
889 1047 909 1111 6
924 1069 931 1110 :
950 1043 986 1111 Si
995 1047 1068 1132 quis
1084 1067 1188 1132 aepo-

201 1160 284 1224 verit
304 1157 535 1242 confessionem
552 1153 833 1230 sacramentofetrt,
852 1153 904 1217 vel
918 1153 1113 1232 institutam,
1136 1155 1191 1219 uei

201 1266 397 1330 adsalutem
413 1263 631 1328 necessariam
648 1281 715 1327 esse
724 1257 802 1345 jure
817 1259 973 1324 divino...
992 1259 1107 1324 anoth.
1128 1261 1183 1326 sit.

201 1369 275 1440 tiit.
291 1381 322 1434 ct
338 1389 410 1434 can.
429 1367 466 1432 7.

247 1523 284 1586 5¹¹
298 1545 335 1608 p.
361 1520 534 1587 Efficieatia
558 1521 721 1608 potestatis
746 1521 929 1590 remittendi
954 1529 1084 1609 peccata
1106 1542 1185 1609 sup·

202 1631 292 1718 ponit
300 1629 507 1716 propositum
521 1627 774 1714 Satissaetioais.

244 1739 387 1804 Prrnttot.
416 1733 593 1803 satisfactio
616 1733 746 1805 ¹definiri
774 1743 901 1822 potest:
935 1735 1052 1802 saiutio
1082 1736 1184 1802 debiti

200 1861 274 1929 erga
288 1843 393 1915 Deum
411 1863 449 1909 ex
461 1849 591 1930 peccato
608 1842 762 1908 contracti
775 1861 854 1921 pseu
874 1837 1052 1908 ‘voluntaria
1065 1863 1185 1931 accep-

202 1951 319 2016 tatioet
332 1950 496 2038 perpessio
510 1969 614 2036 poenae
626 1948 826 2037 temporalis,
848 1949 888 2014 ad
908 1949 1187 2036 compensandam

102 2105 105 2113 ,
198 2057 351 2145 iujuriam
368 2057 436 2123 Deo
465 2077 522 2143 per
539 2064 706 2142 peecatum
732 2054 870 2133 iliatam,
890 2055 1186 2142 redimeudamque

201 2185 329 2251 poenam
343 2165 522 2246 graviorem
537 2163 593 2242 (tt.
682 2253 683 2256 Ἴ

234 2383 268 2446 (i)
287 2382 338 2431 itte
356 2383 470 2444 generali
487 2382 669 2434 satisfactionis
687 2383 845 2444 definitione,
861 2396 937 2434 omae
955 2383 1185 2448 comprehenditur

200 2475 281 2526 genus
298 2473 379 2523 poeme
393 2476 468 2523 «trram
484 2475 529 2524 pro
544 2463 656 2524 peccatis
671 2463 749 2514 homo
767 2465 895 2516 sustinere
910 2471 1006 2526 potest.
1025 2463 1114 2512 Omnis
1133 2477 1185 2512 au-

149 2559 153 2564 ·
199 2547 252 2590 tem
266 2539 417 2601 satisfactio,
429 2541 460 2590 ad
474 2541 662 2605 Paenitentiam,
680 2549 709 2592 ut
726 2548 914 2594 sacramentum
933 2550 982 2606 cst,
1000 2543 1107 2592 ntiuime
1122 2555 1186 2604 per-

200 2620 281 2684 tioet;
300 2620 347 2672 sod
360 2619 401 2670 iiia
421 2627 518 2672 tantum
531 2624 686 2674 sacramenti
701 2636 760 2686 pars
773 2622 900 2674 censenda
915 2629 965 2684 est,
975 2631 1051 2686 quam
1066 2621 1186 2674 dicemus

200 2713 232 2752 ex
246 2707 374 2766 praecepto
401 2701 544 2752 sacerdotis
558 2703 611 2754 lieo
629 2717 675 2768 pro
694 2703 806 2767 peccatis
824 2701 945 2768 dependi.
966 2702 1070 2754 catech.
1102 2703 1182 2754 Cone.
1265 2725 1266 2730 ¹

203 2785 277 2836 Trici.
293 2783 387 2848 parta
405 2786 435 2834 de
448 2786 546 2836 Poettt't.
558 2799 584 2835 u.
596 2786 639 2836 89.

231 2862 473 2926 Pseudocatonnati,
498 2877 600 2915 omnem
624 2865 800 2928 poenitentiam
818 2863 848 2914 iu'
862 2864 1003 2915 mutatione
1017 2864 1075 2914 ritae
1102 2876 1186 2927 repo-

199 2953 300 3008 nentes,
318 2958 350 2996 eo
364 2946 419 3008 ipso
434 2945 617 2995 satisfactionis
630 2945 747 2994 humanae
760 2945 943 2994 necessitatem
960 2945 1116 3008 rejecerunt.
1132 2944 1185 2994 Ga-

201 3025 321 3076 thalicam
336 3024 437 3074 aliunde
456 3025 596 3076 doctrinam
612 3025 644 3074 de
662 3023 844 3095 satisfactionis
871 3025 1026 3076 necessitate
1043 3023 1185 3088 impugna-

202 3110 270 3160 runt,
285 3103 408 3154 duccutes
424 3105 447 3152 i.
473 3105 582 3154 remisso
605 3103 685 3166 cripte
708 3117 737 3156 ae
752 3116 832 3166 poenoe
855 3111 957 3154 aeternae
977 3109 1060 3166 reatu,
1087 3101 1184 3154 nuliam
1265 3121 1266 3164 t

202 3180 324 3242 deinceps
351 3194 488 3242 superesse
502 3195 602 3244 poeuam
617 3181 785 3246 temporalem
803 3183 828 3231 in
845 3182 969 3239 uitiouem
987 3182 1068 3244 cuipas
1091 3181 1184 3233 detera

198 3254 327 3318 luendam,
343 3255 368 3306 Ξ.
384 3259 514 3310 hominem
528 3273 577 3310 non
594 3273 670 3323 posse
684 3273 770 3312 reram
782 3262 834 3312 lieo
843 3260 1045 3316 satisfactionem
1060 3273 1184 3324 pro-pec·

158 3381 160 3389 Α
201 3333 264 3380 catis
277 3333 410 3395 exitibere,
426 3337 533 3399 proinde
551 3339 635 3386 omitia
649 3337 830 3390 satisfactionis
848 3351 924 3402 opera
954 3346 1130 3392 asserentum
1150 3339 1183 3394 ed

200 3405 307 3488 ariorum
322 3413 474 3471 exemptum,
485 3415 599 3464 scandali
613 3416 812 3485 reparationem,
827 3418 1005 3480 probationem
1019 3431 1139 3480 tuorum„
1149 3447 1184 3466 -t

201 3475 263 3526 tirno
277 3481 308 3527 ad
316 3483 414 3543 plenam
425 3491 562 3544 enuntiate
570 3493 750 3554 propositionis
763 3495 948 3560 probationem,
961 3497 1183 3560 pririsadstrueu·

276 3744 408 3764 'b—--b

416 3761 530 3776 *a*
