2550 3810
616 57 795 124 -86-

255 203 402 288 Quaestio
423 221 494 270 esse
510 213 617 291 petest
635 199 676 268 de
692 198 874 282 actionibus
890 199 1129 290 sequentibus:
1154 203 1204 286 de

208 309 372 378 ablutione
393 307 485 398 punis
506 306 675 386 etvini,de
692 303 948 386 consecratione,
971 305 1013 372 de
1026 305 1204 374 oblatione

210 413 356 504 corperis
375 423 406 482 et
421 413 587 500 sanguinis
609 410 725 484 Christi
743 423 815 500 post
837 410 1132 494 consecrationem,
1156 413 1204 480 de

209 521 365 589 fractione
373 529 405 588 et
420 518 649 588 commixtione
659 515 866 596 sacramenti,
882 515 924 582 de
942 519 1203 608 consumptione

211 627 405 698 sacramenti
421 627 633 706 isaeerdute,
651 625 693 691 de
705 624 776 712 ejus
792 623 1032 690 distributione.

256 727 1199 824 Hisquoestienibusrerp.perpropositionemsuqnentenr:

212 839 418 910 consecratio
434 840 576 931 pertinet
591 840 631 906 ad
654 837 825 910 essentiam
840 837 954 904 iormae
969 838 1119 906 sacrificii
1137 861 1198 906 eu·

211 945 386 1028 charistiei,
405 943 696 1014 -eonrummatio
712 944 935 1014 sacramentii
952 945 1134 1025 sacerdote,
1155 947 1200 1012 ad

154 1095 158 1101 ·
214 1051 428 1140 integritatem
445 1058 582 1136 tantum,
596 1051 722 1118 -aiiae
732 1050 887 1130 artiones,
898 1050 1005 1118 neead
1019 1051 1200 1118 essentiam

214 1155 331 1232 nes'ad
346 1159 559 1246 integritatem
578 1159 751 1247 pertinent.

257 1266 316 1332 Pr.
333 1263 367 1332 i·
377 1286 415 1352 p.
431 1263 637 1334 consecratio
653 1264 792 1354 pertinet
814 1261 855 1330 ad
872 1261 1067 1330 essentiam:
1086 1263 1200 1352 Siqui-
1271 1261 1272 1264 ’

156 1433 158 1437 .
211 1361 287 1440 dem
304 1369 448 1438 eontinet
463 1391 576 1438 omnes
587 1371 790 1438 conditiones
802 1369 842 1436 ud
854 1367 1200 1458 perficiendumsarri·

210 1474 322 1544 iieium
338 1477 550 1546 necessarias.
566 1477 711 1546 Esteetiu
723 1474 915 1554 sacerdotis,
925 1474 1047 1544 seiiieet
1063 1475 1196 1566 Christi,

212 1581 350 1650 ministri
367 1582 553 1674 principalis
572 1584 848 1674 persaeerdotem
865 1582 1099 1654 secundarium
1118 1604 1199 1650 eon-

211 1688 388 1772 secrantis3
406 1711 475 1758 rem
492 1691 682 1759 sensibilem
693 1689 859 1761 efferentis
874 1701 911 1758 et
936 1689 1137 1758 immutantis
1156 1693 1198 1758 ad

210 1796 510 1883 recognoscendum
527 1817 717 1888 supremum
742 1796 800 1864 Dei
817 1793 1018 1876 dominium,
1046 1809 1081 1862 ut
1095 1801 1196 1886 supr'a

97 1929 100 1932 ·
213 1903 428 1984 ostendimus,
443 1902 614 1994 probando
631 1901 916 1971 Christumrerum
928 1899 1085 1972 obtulisse
1097 1903 1196 1968 sacri

213 2009 348 2080 iieium
340 2032 372 2079 tn
392 2011 504 2080 ultima
520 2017 624 2081 eoena.

259 2117 347 2202 Μ.
366 2117 610 2186 consummatio
627 2115 820 2186 sacrementi
837 2113 1042 2184 isaeerdute
1059 2113 1197 2205 pertinet

211 2218 254 2286 ad
269 2220 485 2306 integritatem
508 2227 650 2290 tantirm=
670 2257 714 2275 --
737 2220 878 2290 Pertinet
891 2221 934 2290 ud
962 2220 1191 2307 integritatem:

210 2325 378 2412 Siquidem
401 2327 431 2394 i.
452 2326 484 2394 in
504 2327 668 2416 plerisque
682 2327 850 2399 sacrifieiis
866 2329 1051 2396 sacerdotes
1066 2341 1188 2418 partem

213 2431 350 2500 rietimae
367 2433 607 2523 participabant.
620 2436 654 2502 5.
668 2434 869 2504 Sueriiieium
889 2435 1194 2504 eucharisticumee

126 2611 129 2616 ,
212 2537 413 2608 iebraturad
438 2540 538 2609 instar
561 2543 698 2610 convivii
724 2541 912 2632 spiritualis.
936 2541 1028 2610 Unde
1055 2542 1193 2610 lieeiesia

212 2643 369 2736 praeripit,
382 2645 411 2724 si
427 2640 578 2715 sacerdes
592 2633 760 2737 repentino
778 2648 893 2716 morbo
906 2661 1073 2738 correptus
1090 2667 1193 2716 saera·

133 2747 135 2752 ’
215 2756 361 2822 utentum
377 2771 507 2846 sumere
524 2773 587 2818 non
602 2753 714 2841 possit,
733 2759 766 2820 ut
785 2751 937 2822 sacerdos
956 2752 1053 2822 etiam
1071 2749 1192 2840 nonje·

209 2853 311 2946 janus
318 2857 442 2945 speeies
454 2869 656 2926 consecratas
669 2857 956 2926 consumatiiubr.
970 2859 1189 2926 tristatum.

211 2983 248 3052 p.
263 2959 301 3044 5,
316 2961 364 3028 tit.
385 2963 439 3044 16,
452 2983 486 3030 n.
503 2963 539 3030 5.
558 3001 601 3014 -
616 2965 758 3032 Pertinet
774 2965 814 3033 ad
825 2965 1038 3051 iutegritatem
1052 2968 1189 3032 tantirm:

215 3172 320 3228 tuetur,
334 3174 446 3228 essentia
457 3173 595 3225 consistit
588 3188 613 3224 m
622 3175 676 3224 soti
691 3174 895 3227 consecratione.
911 3175 960 3229 Pro
970 3176 1000 3226 et
1010 3181 1081 3226 stant
1091 3175 1189 3236 suarez,

215 3249 274 3310 sp
291 3249 340 3316 dis.
356 3252 398 3312 75,
415 3259 480 3304 sect.
495 3254 524 3314 6;
543 3251 657 3311 Biduum,
672 3253 777 3312 dissert
793 3255 819 3317 8,
838 3261 888 3306 art.
904 3254 931 3315 23
951 3255 1043 3318 fluitet,
1058 3255 1090 3306 da
1108 3255 1187 3323 Bprt

217 3338 242 3385 p
258 3325 284 3385 5,
299 3339 323 3374 e.
339 3328 365 3386 5;
380 3331 466 3391 croix,
481 3331 498 3382 i.
511 3333 549 3392 Vi,
564 3332 627 3395 55,
642 3314 765 3384 satutant.
781 3348 805 3387 c.
822 3335 940 3396 t‚n.it;
955 3333 1116 3400 wirceburg
1132 3335 1187 3396 cu,

218 3406 267 3450 an
283 3401 308 3463 5,
324 3408 422 3459 cums.
442 3409 573 3474 Antonin,
588 3409 620 3463 de'
639 3411 719 3478 Lnga,
734 3411 849 3478 iasques
862 3419 889 3465 et
901 3413 968 3464 alus
