2562 3810
579 113 784 181 -194-

188 257 345 346 poteritis
356 277 455 342 super
472 265 608 334 terrum,
627 266 721 320 eruut
732 255 834 340 iiputa
847 262 875 318 et
891 253 926 317 io
941 255 1030 318 eoeio:
1044 265 1074 320 et
1085 275 1169 340 quoe-
1251 301 1252 350 t

191 386 324 451 eumque
355 363 515 430 solveritis
554 383 651 446 super
676 373 811 439 terram,
835 371 930 426 eruut
961 363 1068 426 soluta
1093 373 1123 426 et
1138 365 1171 428 io

192 473 281 536 eoeto.
303 469 454 547 upoan.
474 467 530 544 20,
547 466 602 542 at,
621 467 810 554 promissam
823 478 1012 553 potestatem
1029 467 1071 535 de
1088 466 1170 536 sacto

192 577 341 644 eontulit:
354 576 443 642 Siout
459 575 545 640 misit
560 595 610 640 ute
623 576 735 652 Pater,
755 585 784 640 et
794 595 850 658 epo
863 575 953 639 anitto
966 595 1066 652 vos...
1082 577 1172 640 Aeei·

189 683 426 770 piteSpiritum
446 693 614 746 sanetum:
638 701 776 768 quorum
801 682 994 747 remiseritis
1017 693 1169 766 peecata,

192 790 401 857 remittuntur
418 790 484 854 eis:
508 799 538 852 et
554 789 917 908 quorumretinueritia,
936 799 1063 858 retenta
1081 800 1169 856 auat.

193 899 274 982 Ergo
287 896 490 989 Apostolis

238 1005 318 1086 Ergo
343 1002 490 1067 eumdem
508 1013 697 1090 potestatem
721 999 752 1066 iu
776 997 1003 1086 Apostolorum
1033 971 1172 1086 persona

192 1108 351 1177 concessit
374 1129 487 1174 eorum
515 1107 771 1174 suecessoribus.
802 1105 924 1172 Etenim
942 1105 1057 1170 eadem
1075 1107 1169 1184 ratio,

193 1235 266 1302 quae
284 1213 445 1280 Christum
463 1213 591 1300 impulit
620 1225 654 1279 ut
677 1213 835 1300 Apostolis
860 1212 951 1280 daret
976 1224 1170 1300 potestatem

193 1320 375 1385 dimittendi
392 1333 533 1407 peecata,
558 1320 655 1405 exigit
678 1321 775 1386 etiam
797 1333 832 1386 ut
848 1319 1001 1408 praedicta
1027 1326 1170 1406 potestas

190 1427 225 1494 iu
241 1422 381 1492 Ecclesia
402 1425 567 1514 perduret.
600 1425 765 1510 Convineit
783 1426 878 1498 etiam
903 1425 1051 1510 analogia
1069 1447 1169 1513 quam

191 1531 352 1619 praecitato
366 1530 531 1599 concessio
554 1552 628 1600 eum
652 1531 722 1604 aliis
738 1532 836 1602 habet
853 1531 1168 1620 Chris-tiseutentiis,

191 1657 222 1702 v.
247 1657 279 1721 g.
299 1637 339 1703 de
356 1637 554 1704 institutione
570 1639 736 1725 Baptismi,
756 1639 796 1725 de
806 1637 1056 1730 praedieatione.
1068 1639 1170 1704 Evau-

190 1742 278 1828 gelii,
293 1764 373 1830 quas
389 1766 430 1810 ne
447 1744 620 1810 adversarii
638 1743 771 1830 quidem
797 1751 922 1828 negant
932 1744 972 1832 ad
990 1757 1092 1828 totam
1113 1746 1170 1811 Ee-

190 1847 321 1916 olestom
331 1851 503 1938 pertinere
519 1849 707 1916 Concordat
710 1842 848 1917 traduto
849 1863 998 1918 constans
1008 1863 1042 1918 et
1054 1871 1171 1918 sensus

192 1956 361 2024 Eeclesiae.
380 1957 483 2037 Unde,

234 2063 335 2129 Prob.
354 2064 403 2129 2³.
421 2065 549 2130 Tradit.
567 2045 700 2128 Testim.
721 2065 781 2138 PP.
796 2065 969 2151 Sequentia
986 2065 1170 2149 seligimus

189 2169 223 2235 S.
249 2171 377 2235 Paeiau.
395 2191 447 2258 ep.
469 2172 482 2235 1
511 2171 550 2236 ad
574 2172 745 2257 Seinprostn
772 2172 933 2236 novatian.
952 2194 986 2238 n.
1006 2171 1047 2236 6.
1070 2171 1172 2237 Solus

188 2276 248 2338 liae
259 2276 436 2358 (ignoscere
446 2277 635 2362 poenitenti),
650 2278 788 2363 inquies,
804 2279 891 2344 Deus
901 2279 1034 2362 poterit.
1053 2277 1172 2344 Verum

188 2389 252 2447 est:
263 2381 322 2443 aad
336 2391 364 2443 et
380 2381 467 2462 quod
474 2401 536 2464 per
551 2385 737 2449 sacerdotes
748 2404 824 2452 auos
832 2385 928 2468 feeit„
942 2384 1046 2468 ipsius
1059 2393 1173 2466 potas·

188 2495 308 2550 tuaest.
323 2485 405 2552 Nutu
422 2488 503 2570 quid
519 2499 564 2552 est
579 2489 664 2554 ittae
677 2493 766 2575 quod
789 2491 952 2575 Apostoiis
975 2491 1071 2556 dicit:
1084 2489 1172 2571 Quae

186 2590 358 2675 ligaveritis
376 2592 531 2680 interris,
557 2594 651 2680 ligata
669 2612 764 2662 eruut
787 2609 819 2662 et
842 2595 873 2661 in
891 2595 996 2662 coelis:
1011 2607 1050 2660 et
1077 2614 1172 2680 quae·

187 2715 328 2782 eumque
345 2695 516 2777 solveritis,
535 2695 617 2765 etei
635 2691 699 2765 Cur
722 2701 794 2779 hoe,
812 2702 842 2765 si
854 2701 958 2786 lipare
978 2697 1173 2765 hominibus

84 2854 89 2862 .
187 2822 226 2868 ae
238 2805 362 2868 solvere
379 2825 446 2870 nou
459 2804 661 2872 tieebatMu
678 2807 875 2874 tetttumltoe
891 2806 1057 2890 Apostotis
1069 2805 1171 2871 iicet?

186 2911 274 2996 Erpa
284 2921 315 2976 et
327 2911 499 2996 baptizare
511 2914 589 2978 solis
604 2911 686 2992 lieet,
697 2924 726 2978 et
739 2912 896 2998 Spirittuu
911 2911 1068 2980 Sotaetum
1084 2913 1172 2978 dere

117 3071 119 3076 .
185 3018 274 3092 solis,
285 3029 313 3080 et
324 3018 402 3082 eolis
412 3019 556 3102 petatium
566 3031 856 3105 peceatupurpure
867 3021 1078 3106 :quietatum
1090 3019 1169 3100 hoe,

186 3138 253 3182 uon
266 3121 342 3184 otiis
358 3141 457 3204 petum
469 3124 632 3208 Apostolos
649 3127 844 3210 imperatum
861 3138 918 3191 eat.
940 3127 1080 3208 Quodsi
1099 3146 1171 3192 uno
1251 3105 1252 3132 ¹

186 3221 221 3283 in
238 3223 306 3286 loeo
324 3235 353 3287 et
369 3228 525 3291 resolutio
538 3229 744 3295 vinculorum
755 3241 784 3294 et
799 3231 999 3298 sacramenti
1016 3242 1172 3315 potestas
1251 3223 1252 3302 i

185 3321 282 3384 detur
294 3349 306 3398 ‚·
319 3339 376 3392 otu
393 3339 493 3394 totum
510 3335 556 3396 od
565 3354 624 3400 teos
642 3355 681 3398 ee
693 3336 925 3419 Apostolorum
938 3338 1050 3421 formu
1062 3347 1093 3402 et
1107 3358 1172 3422 po·

184 3427 296 3486 testate
309 3427 479 3498 deductum
496 3447 558 3512 eat;
583 3448 639 3502 aut
652 3459 710 3506 oet
726 3443 810 3508 iilud
820 3465 859 3508 ee
877 3443 1015 3508 decretis
1031 3445 1172 3508 releua-
1251 3529 1252 3532 Ἴ
