2556 3812
477 13 740 102 -tta-'

80 202 214 248 suerum
233 181 348 246 iterare
366 177 520 243 ineodem
536 176 687 256 ecclesian
703 177 735 242 5.
757 181 881 248 nullum
900 175 986 252 uliud
1004 189 1060 254 atl-

83 288 190 353 hiberi
203 306 296 374 posse
310 283 453 351 medium
468 284 659 348 canonicum
676 285 716 350 atl
732 289 967 372 providendum
986 294 1062 362 hnic

83 395 287 470 necessitati3
320 390 501 478 specialiter
528 389 675 466 nullum,
708 405 825 477 praeter
860 398 1060 481 petoritum,

83 501 198 564 haberi
217 519 311 586 posse
328 497 529 562 sacerdotem
548 497 603 582 qui
629 497 794 566 celebrare
822 499 1063 574 valeat-Ness
1101 488 1103 494 ¹

81 607 232 672 cessitate
249 604 436 690 lntjnstnodi
453 603 624 681 existente,
926 677 928 680 ,

129 714 163 776 2.
181 713 219 778 Ut
232 712 325 776 liceat
336 730 463 774 socrum
482 709 609 787 iterare,
624 711 798 796 requiritur
812 712 953 802 episcopi
970 716 1065 792 licen·

81 819 275 892 tinctinmsi
296 837 395 880 corten
411 817 609 882 necessitatis
626 817 822 882 intercedere
838 822 998 899 uideatur,
1022 826 1066 890 eit
1119 849 1120 854 ¹

80 925 206 990 Bened.
232 924 301 988 xtv
329 923 360 986 in
382 921 510 987 constit.
541 923 724 988 Deelutusti
735 948 747 1000 ‚·
766 925 827 990 nisi
851 925 931 992 forte
949 930 979 994 in
999 951 1064 998 ono

79 1045 138 1096 ant
156 1031 258 1096 altero
276 1049 351 1096 cusu
369 1029 551 1114 repentino,
570 1030 702 1112 qttando
716 1029 866 1096 recursus
879 1035 918 1098 ad
937 1039 1061 1121 episeo-

79 1158 161 1223 pum
181 1135 293 1200 haberi
308 1133 650 1219 nequiu-tnaedteta
667 1134 807 1221 episcopi
827 1138 952 1206 licentio
973 1151 1067 1210 certo-

80 1241 203 1306 sullicit
232 1241 272 1304 ad
290 1240 491 1304 iterationem
517 1239 547 1304 in
567 1239 694 1304 duabus
712 1241 867 1307 ecclesiis.
886 1281 930 1292 —-
952 1247 1064 1312 Utrum

79 1355 191 1412 autem
208 1345 345 1410 sullieiat
361 1344 399 1409 ad
418 1344 618 1408 iterationem
632 1346 661 1408 in
681 1347 793 1412 eodem
812 1349 968 1417 ecclesidl
983 1353 1063 1434 Qui·

81 1457 157 1520 dom
177 1467 303 1538 negant,
322 1461 514 1518 tenentesex
538 1453 685 1537 pluribus
700 1454 842 1521 conciliis
863 1449 1065 1543 provinciali-

81 1565 145 1627 bus
156 1568 188 1625 et
202 1558 454 1625 resolutionibus
467 1559 500 1624 S.
518 1557 553 1626 C.
567 1558 748 1625 facultatem
763 1561 949 1648 hujusmodi
970 1567 1065 1636 licen·

80 1670 139 1734 tias
154 1667 353 1734 concedendi
371 1667 527 1731 excedere
546 1675 735 1751 potestatem
761 1670 987 1756 episcoporum
1005 1678 1062 1758 (l).

81 1775 288 1842 Probabilior
301 1787 407 1838 autem
426 1774 552 1838 videtur
570 1774 726 1838 sententia
744 1774 945 1843 affirmativa.
960 1781 1064 1865 Siqui-

5 1915 8 1924 ¹
80 1885 153 1949 dem
175 1881 443 1947 BenctlietttleV
467 1880 499 1944 in
519 1886 622 1944 const.
650 1879 703 1942 eit.
729 1879 865 1964 loquens
894 1884 935 1948 de
964 1885 1058 1951 itera-

81 1993 171 2054 tione
199 1989 303 2052 ntissae
330 1989 361 2052 in
380 1987 506 2052 duabus
525 1984 669 2050 ecelesiis
685 1999 741 2048 aut
764 1985 796 2050 in
813 1991 890 2064 und,
918 1989 1010 2054 dicit:
1029 1994 1064 2058 lti

80 2101 143 2164 dne
161 2117 257 2160 casus
273 2097 383 2160 eodeni
404 2095 481 2176 jure
497 2093 647 2156 censendi
669 2102 755 2169 stent,
776 2105 807 2157 et
827 2095 961 2161 omnino
977 2105 1062 2164 tacet

81 2205 120 2270 de
132 2203 350 2270 reservatione
363 2199 460 2286 liujus
475 2200 611 2264 lieentire
623 2199 697 2265 Sedi
710 2200 909 2286 tlprostoliete.
926 2203 1064 2272 Aliunde

84 2333 132 2378 res
150 2333 216 2374 nen
234 2310 318 2374 clare
334 2308 505 2372 deducitur
530 2327 566 2373 ex
585 2306 860 2374 declarationibus
878 2309 912 2374 S.
935 2310 971 2377 C.
987 2312 1063 2380 olla·

84 2419 195 2500 tisld‘).

126 2525 201 2590 Not.
226 2523 253 2588 l.
274 2523 441 2588 Graviores
467 2522 676 2608 requiruntur
702 2523 840 2588 rationes
862 2525 901 2590 ad
924 2528 1061 2592 iteratio·

10 2653 11 2656 ¹
84 2651 157 2694 nem
184 2631 349 2694 incudem
378 2629 525 2706 ecclesio,
554 2637 653 2713 quam
687 2630 718 2694 in
744 2631 876 2694 diversis
902 2633 1057 2698 ccelesiis.

83 2736 250 2801 Graviores
267 2738 362 2801 etiam
384 2738 594 2822 requiruntur
611 2736 649 2800 ad
669 2736 869 2800 iterationem
897 2737 927 2798 in
947 2739 1060 2804 eodem

85 2843 218 2907 eeclesia
232 2864 329 2928 super
345 2843 429 2906 idem
448 2843 558 2917 altare,
577 2846 673 2927 quitm
692 2842 731 2905 ad
750 2840 950 2906 iterationem
964 2865 1063 2927 super

84 2946 181 3013 altare
192 2949 368 3014 diversum.
384 2949 417 3014 n.
433 2949 475 3014 Ex
488 2949 521 3014 S.
535 2947 569 3012 G.
587 2947 622 3013 C.
639 2947 765 3012 licentio
783 2944 912 3012 suerum
924 2948 1060 3015 iterandi

117 3136 150 3200 (ll
164 3137 203 3186 lto
217 3137 313 3189 sentire
329 3137 431 3187 videtur
445 3137 496 3187 ott.
523 3135 642 3191 Bottvier,
660 3139 723 3184 tom.
741 3133 776 3192 lll,
793 3147 851 3198 pag.
876 3133 1062 3192 tenerescit.

13 3249 16 3263 .
88 3215 122 3267 lto
148 3219 268 3283 explicite
286 3220 362 3270 docet
389 3226 480 3271 auctor
496 3219 692 3281 ephemeridem
717 3217 790 3281 queis
819 3217 909 3268 titulus
936 3222 1064 3272 Annlretu

83 3301 153 3356 t'nris
164 3304 311 3365 Pontificio,
329 3303 379 3352 loe.
395 3303 452 3362 eit„
468 3302 518 3352 col.
534 3302 584 3351 tto'tt
599 3306 625 3351 et
640 3301 698 3350 560.

119 3393 152 3456 tit
168 3393 205 3442 itit
222 3395 249 3442 1).
263 3394 352 3455 ltottix,
367 3394 411 3456 qui
427 3406 479 3442 rent
495 3392 574 3442 insitis
588 3393 701 3453 discutit,
719 3407 775 3455 pag.
792 3393 837 3442 idi
852 3399 877 3442 et
892 3405 948 3452 seu.

909 3459 928 3520 ‘d
