2550 3810
573 79 753 146 ..24-

168 229 243 290 ante
263 237 407 308 rcrnpcra
428 216 564 286 llcstorii
586 227 619 284 et
640 214 835 305 Eutychctis,
852 215 973 286 scilicet
987 229 1063 284 ante
1086 219 1156 290 Vm.

168 326 338 405 sutculum,
357 325 519 414 proedictae
550 324 688 409 liturgiae
707 324 815 410 quoad
831 323 1043 390 substantiam
1071 325 1151 392 exis·

170 435 299 510 tebaut;
318 433 462 520 alioquin
483 431 633 522 explicari
652 453 715 496 nou
730 443 836 518 posset
850 451 961 498 earum
975 433 1150 500 correorrlia

169 541 316 610 actualis.
336 539 459 628 Duplex
475 538 561 604 enirn
576 542 699 604 tantiam
719 537 794 620 lingi
813 551 920 624 posset
937 537 1147 624 hypothesis:

170 645 219 713 rel
237 644 430 722 Catholicos,
449 642 653 708 Nestorianos
665 649 696 707 et
710 641 922 726 Eutychianos
948 640 1080 724 [ortaitb
1100 664 1151 708 ea·

170 753 245 820 dem
264 750 411 838 mysteria
429 748 608 828 inuenissc3
625 748 674 814 rel
687 748 856 816 hamericus
869 747 1078 827 beutlrolieis,
1096 756 1153 817 aut
1268 807 1269 810 ,

170 858 347 926 caurcttcos
363 857 404 922 ab
422 855 582 922 ltaeretieis
612 855 728 940 dogma
747 854 778 920 in
796 853 934 938 liturgiis
958 875 1150 942 ,cupressum

170 965 345 1052 accepisse.
362 963 459 1029 l‘crrc
472 961 612 1028 absurda
622 973 669 1026 est
681 973 817 1048 utraque
828 959 1008 1047 explicatio.
1023 961 1147 1026 Primus

172 1070 372 1158 impossihile
388 1077 436 1134 cst
452 1069 538 1134 enim
554 1068 703 1134 homines
727 1079 841 1156 sponte
857 1071 915 1132 sard
933 1067 1015 1132 inter
1028 1089 1062 1134 se
1078 1085 1153 1134 esn-

170 1177 303 1253 sentirc,
316 1175 424 1240 niside
435 1173 622 1240 veritatibus
635 1175 665 1240 in
681 1175 802 1241 ratione
815 1173 968 1252 fundatis.
978 1175 1127 1242 Secunda
1140 1197 1149 1240 r

171 1282 331 1368 siquidem
350 1279 439 1348 nullo
457 1279 556 1349 modo
578 1279 702 1346 admitti
720 1293 824 1368 potest
841 1279 1022 1351 catholicas
1036 1295 1068 1348 et
1085 1283 1152 1350 hae·
1266 1269 1269 1284 '

170 1388 286 1456 reticos
309 1386 392 1452 inter
407 1407 442 1452 se
473 1384 719 1468 infensissimos,
743 1392 812 1453 asc
840 1387 978 1454 laricem
995 1387 1149 1472 dogmata

172 1505 335 1562 mutuatos
352 1491 464 1560 luisse.
542 1494 545 1500 '

216 1601 299 1676 lrnd,
315 1596 658 1685 quoddsubstantiam,
676 1598 717 1664 ab
735 1599 811 1687 ipsis
835 1597 994 1688 apostatis
1018 1619 1153 1687 compa·
1268 1691 1269 1694 Ἴ

174 1707 243 1776 sitm
256 1703 404 1772 luerunt:
420 1704 503 1788 Quas
520 1704 695 1792 propositio
713 1705 842 1792 probari
867 1711 971 1794 petest
991 1707 1020 1772 l.
1041 1706 1154 1774 identi·
1268 1723 1269 1784 t

172 1825 235 1886 tate
251 1811 451 1882 substantiali
465 1808 679 1896 liturgiarum,
695 1812 727 1879 E.
747 1811 933 1880 traditione.
983 1887 989 1892 ἡ
1268 1811 1269 1826 ἶ

207 1905 1154 2004 ¹l.lalentitatesubstantialiomniumliturgiaruna.---Uni·

173 2037 222 2094 tas
239 2039 271 2094 ct
290 2024 512 2092 universalitas
539 2021 756 2098 substantialis
785 2024 931 2094 omnium
949 2024 1154 2110 liturgiarum

173 2133 326 2218 supponit
341 2131 562 2198 auctoritatem
576 2151 687 2210 unam,
702 2130 929 2210 universalem,
942 2129 982 2196 ab
996 2131 1073 2218 ipsis
1086 2129 1154 2196 trac-

171 2237 277 2308 rcticis
289 2251 321 2301 et
330 2237 756 2322 schismaticisrecognitam.
769 2239 867 2306 Porro
878 2238 1050 2304 auctoritas
1059 2237 1153 2325 hpos·

171 2342 311 2410 talorum
328 2341 395 2406 sola
409 2340 551 2427 possidet
568 2341 627 2408 hcs
643 2343 856 2410 characteres.
870 2345 1026 2431 Equidem
1041 2352 1155 2410 aucto-

174 2443 251 2514 ritas
270 2441 486 2508 Consiliorum
497 2451 553 2508 aut
565 2445 624 2511 SS.
639 2445 828 2516 Pontificum
842 2469 904 2514 urta
922 2456 970 2514 est
984 2461 1015 2514 ct
1029 2448 1156 2516 univer·
1267 2437 1268 2470 ³

172 2551 249 2620 salis
261 2548 351 2638 jure,
365 2550 420 2616 sed
443 2548 525 2619 laeto
543 2548 687 2638 rejicitur
708 2553 748 2618 ab
767 2553 926 2634 haereticis
944 2563 974 2620 et
995 2553 1156 2624 schisma-

110 2665 113 2668 ’
171 2658 255 2751 ticis.
274 2656 377 2735 Unda,
399 2663 468 2744 post
482 2677 572 2721 suam
590 2657 631 2722 ab
650 2657 790 2724 Ecclesia
811 2659 1062 2748 separationem,
1092 2660 1157 2724 lam·
1267 2657 1268 2666 ’

173 2765 263 2833 retici
281 2777 312 2831 et
323 2762 517 2830 schismatici
533 2777 660 2831 autnon
674 2765 878 2832 admisissent
891 2765 1035 2850 liturgias
1045 2769 1062 2830 b
1074 2765 1158 2832 Con·

174 2871 255 2936 ciliis
270 2868 320 2935 rel
336 2869 393 2934 SS.
411 2868 618 2935 Pontificibus
639 2869 811 2950 institutas,
830 2883 884 2937 aut
907 2885 1087 2958 acceptatas
1104 2893 1166 2938 re-·

171 2973 337 3060 jecissent,
368 2975 428 3040 nisi
450 2975 564 3040 harum
591 2975 792 3060 liturgiarum
817 2977 975 3061 originem
1001 2977 1157 3066 apostoli·

161 3095 258 3158 cam,
277 3081 390 3146 saltem
408 3081 516 3167 quoad
533 3081 756 3161 substantiam,
770 3083 995 3151 credidissent.

221 3183 254 3248 2.
281 3186 479 3252 Traditioue.
494 3223 543 3234 -
559 3187 680 3254 Omnes
708 3189 845 3274 liturgiae
867 3192 1009 3258 actuales
1034 3191 1158 3260 habeut

176 3287 283 3362 quoad
302 3287 513 3354 substantiam
531 3293 689 3376 originem
708 3296 748 3360 ab
765 3296 936 3383 hpostolis,
958 3298 984 3362 si
1005 3299 1036 3362 l.
1055 3297 1158 3384 Apus·

177 3383 452 3454 toliinstitucrunt
476 3391 633 3480 liturgias,
653 3401 678 3466 si
700 3399 733 3466 E.
753 3401 909 3490 liturgiae,
928 3424 1001 3492 quoa
1019 3405 1157 3492 hposto-
