2556 3812
572 2 772 69 -t68-

191 147 304 216 saitem
322 151 537 233 presumpte,
557 143 784 210 eucharistiam
807 143 1014 207 ministraret.
1036 143 1170 226 Quoties
1250 215 1251 222 ἵ

192 267 300 322 autem
317 251 479 340 parochus
496 249 591 316 alicui
608 249 925 316 conceditiicentiom
939 248 1127 314 celebrandi
1141 251 1171 314 in
1250 235 1251 240 ἵ

192 367 250 426 sut
267 357 414 434 eeclesia,
434 365 584 423 censetur
597 358 705 432 etiam,
722 357 782 420 nisi
794 357 990 420 contrarium
1004 359 1172 441 exprimat,

193 465 373 532 concedere
403 464 563 529 licentiam
590 464 804 528 distriituendi
821 470 944 528 sacram
970 464 1173 526 communio·

193 593 281 638 nent.
302 573 379 636 Hinc
396 571 429 635 ἐξ.
449 571 586 654 gnaviter
600 583 779 655 peccarent,
792 570 857 633 imo
868 570 1173 634 excommunicatio·

193 701 267 746 nem
285 679 354 764 ipso
378 676 460 742 iacto
486 677 688 742 incurrerent
706 676 882 758 regulares,
900 675 965 760 qui,
988 685 1077 741 extra
1101 690 1173 762 pro·

194 785 279 872 prius
296 783 447 850 ecclesias
469 797 499 848 et
516 783 642 848 secluso
661 782 858 848 necessitatis
884 803 972 859 casn,
996 803 1174 867 praesume-
1207 783 1209 786 ’

195 905 266 954 rent
283 889 433 954 viaticum
460 889 641 954 ministrate
666 888 734 952 sine
752 893 903 974 expressa
924 881 1059 974 parochi
1077 888 1174 954 ticen-

196 996 312 1076 tiatt).
890 1059 894 1062 .

239 1101 283 1166 ΙΙ.
303 1081 436 1186 Insuper
460 1099 626 1185 sequentia
645 1098 806 1184 praecipue
823 1105 898 1162 sunt
914 1097 1131 1164 observando:

240 1207 268 1271 1.
295 1209 388 1270 Circo
403 1218 594 1290 taumate-
606 1207 641 1269 1⁰
657 1207 790 1291 Excepto
802 1204 999 1269 necessitatis
1013 1227 1104 1296 casu,
1117 1203 1175 1270 sub

196 1312 282 1395 gravi
307 1312 498 1397 prohibetor
511 1313 737 1376 eucharistiam
755 1312 957 1376 ministrare:
975 1313 1003 1374 t.
1022 1311 1132 1375 feriati
1147 1313 1175 1374 in

198 1419 387 1492 paraseeve
403 1421 509 1494 seciae,
530 1434 567 1480 ex
584 1417 617 1480 S.
632 1417 667 1480 u.
684 1417 718 1482 C.
737 1416 871 1490 sabbato
883 1425 1006 1493 sancto,
1022 1418 1077 1482 ubi
1096 1420 1177 1502 viget

197 1523 419 1598 consuetudo;
439 1522 472 1585 2.
493 1535 587 1585 nocte
605 1522 815 1608 intempesta:
839 1523 912 1587 ticet
930 1530 1006 1587 vcro
1024 1545 1095 1588 eoin
1113 1526 1176 1588 dis·

197 1627 341 1692 tribucre
358 1629 453 1692 ctiam
482 1647 611 1691 summo
637 1633 730 1691 inante
754 1627 885 1712 quando
908 1629 1105 1705 celebratur,
1130 1628 1176 1692 vel

194 1733 357 1820 aliquibus
369 1733 456 1797 boris
471 1744 541 1818 post
554 1732 735 1808 meridiem,
755 1733 886 1817 quando
900 1731 1011 1798 fideles
1026 1755 1174 1798 commu·

198 1842 328 1906 nionem
343 1846 437 1904 ante'a
454 1839 618 1926 suscipere
636 1860 699 1902 non
719 1850 914 1924 potuerunt3
934 1839 966 1903 5.
984 1848 1078 1904 nocto
1091 1841 1176 1904 Nati-

198 1948 301 2012 uitatis
316 1947 458 2026 Domini,
472 1969 508 2012 ex
523 1945 670 2033 pluribus
684 1945 820 2010 decretis
832 1947 864 2010 S.
881 1947 917 2009 ii.
931 1943 980 2010 C.:
997 1949 1177 2011 contrarius

101 2094 103 2096 -
198 2068 305 2119 tamen
324 2055 445 2119 ususin
464 2053 573 2118 Galliis
592 2053 714 2138 ubique
730 2051 826 2134 viget,
853 2073 913 2117 nec
926 2052 995 2117 sine
1013 2054 1101 2136 gravi
1115 2054 1179 2139 pic-

198 2162 270 2223 tatis
284 2155 477 2224 detrimento
495 2161 535 2224 de
549 2160 656 2224 medio
670 2158 848 2222 tolleretur.

243 2265 280 2327 2⁰
297 2265 389 2328 Juxta
406 2277 545 2328 mentem
564 2265 729 2340 Ecclesiae,
750 2265 936 2330 communio
955 2257 1064 2352 popuii
1096 2267 1177 2332 intra

200 2369 328 2433 missam
347 2368 451 2431 statim
468 2372 811 2455 postcommunionem
825 2373 998 2436 sacerdotis
1014 2373 1180 2436 ordinarie

199 2469 268 2540 ficti
290 2473 435 2539 deberet.
459 2475 602 2541 Attamen
632 2477 718 2542 baud
744 2477 875 2542 dittteite
895 2471 1104 2544 concedenda
1130 2485 1177 2544 est

200 2597 274 2648 ante
290 2583 337 2648 vel
353 2595 423 2670 post
441 2583 584 2662 missam,
603 2585 784 2650 rationabili
802 2591 898 2649 causa
915 2587 1130 2662 existentes.
1147 2607 1178 2670 g.

98 2713 103 2722 “
200 2693 226 2757 si
244 2691 394 2774 deficiant
417 2691 535 2769 missae,
562 2693 588 2756 si
606 2693 881 2758 communicantes
899 2715 961 2757 non
976 2677 1109 2778 'possint
1128 2715 1181 2758 ex-

200 2813 339 2886 pectare,
357 2799 533 2883 praesertim
548 2799 573 2862 si
586 2799 646 2863 sint
657 2799 792 2877 debiles,
806 2800 916 2884 quales
927 2799 1058 2874 infirmi,
1073 2799 1178 2885 pueri,

200 2926 306 2970 senes.
329 2906 399 2968 tino
420 2904 594 2990 aliqnando
622 2899 749 2992 enpedit
765 2893 1027 2970 communionem
1048 2907 1180 2971 diticrcc

201 3015 273 3096 post
290 3011 432 3088 missam,
445 3011 471 3075 si
494 3033 607 3095 magna
625 3011 664 3075 sit
677 3013 985 3077 communicantium
999 3012 1178 3090 attinentia,

201 3114 375 3178 scilicetne
390 3117 503 3194 ¹caeteri
521 3118 706 3184 assistentes
724 3118 819 3184 taedio
834 3116 1027 3184 adiciantur.

234 3333 271 3394 (ιζ
287 3334 342 3382 vio.
359 3336 385 3384 S.
408 3339 464 3401 Lig.
478 3355 504 3390 u.
520 3342 569 3393 aad
582 3349 608 3393 et
621 3357 676 3408 seq.
