2556 3812
510 19 709 88 *lbi-⁴

506 188 638 246 Puncrunt
662 187 700 245 ll.
779 188 789 204 ²
860 201 861 204 ’

134 309 177 346 ne
187 303 397 354 obitpatlonlbus
407 305 556 348 sacerdotis
566 307 699 358 quatenns
714 311 755 350 est
762 305 887 353 minister·
897 295 1064 358 sacramenti

509 377 695 418 mucharlatloe.

238 469 280 530 §l
296 495 330 506 ι-
344 471 380 520 llc
395 471 552 535 obligatione
566 475 748 530 eucharistiam
762 475 968 528 adarrirristranrli.
990 451 991 456 Ἰ

157 591 378 658 Ecclesiastico
409 610 570 681 praeccpto
594 605 722 662 tenetur
740 607 848 684 pastor
863 602 1090 666 eucharistiam

110 697 296 760 ministrare
313 697 426 760 ovibus
443 699 521 774 suis,
537 721 617 783 rquae
638 703 752 764 collem
774 717 932 789 praecepto
951 704 1094 786 obligant

110 803 221 867 turad
251 801 330 866 illud
354 819 590 870 sacramentum
619 807 876 892 suscipiendum.
902 810 974 874 Haec
1004 811 1091 874 enim

110 908 179 972 cliro
198 917 274 972 sunt
289 910 475 974 correlativa
495 911 549 990 (l).

123 1066 135 1127 t
149 1066 181 1114 ll.
196 1093 230 1102 -
244 1067 280 1116 De
295 1067 496 1132 obligationibus
510 1069 623 1118 ministri
637 1069 813 1144 spectantibus
827 1069 859 1118 ad
874 1069 1080 1122 circumstantias

458 1151 459 1154 ’
485 1148 723 1200 administrationis.

158 1281 196 1346 Iu
209 1301 335 1365 ponae.
359 1280 503 1362 Quilibet
524 1284 675 1348 sacerdos
698 1291 826 1348 tenetur
839 1285 870 1372 in
889 1284 1094 1364 administra·

109 1387 199 1452 tione
216 1386 417 1454 euclraristiae
435 1389 607 1456 obseruare
619 1391 725 1454 onmia
744 1412 817 1476 quae
831 1404 946 1459 statuta
963 1391 1091 1462 suntab

110 1493 264 1559 Ecclesia.
657 1577 658 1580 Ἴ
758 1501 761 1506 “
833 1571 835 1576 Ι
1020 1567 1024 1574 x

158 1600 196 1662 ln
213 1605 328 1684 specie.
344 1602 419 1665 -—l.
434 1601 618 1687 chrririlur
631 1603 797 1685 subgrari
810 1602 1004 1687 jurisdictio,
1026 1602 1092 1668 sire

110 1727 149 1771 cx
168 1705 288 1785 cilicio,
308 1707 373 1772 sire
386 1729 422 1772 cx
441 1708 568 1774 licentia
586 1708 742 1792 explicita,
754 1721 808 1771 arat
825 1708 937 1772 saltem
952 1709 1091 1780 rationa-

109 1812 220 1890 biliter
240 1819 448 1899 praesumpta.
468 1851 511 1860 —
531 1813 717 1898 llcquiritur
729 1811 931 1898 jurisdictio:
957 1813 1091 1880 dirersis

109 1920 197 1984 enim
217 1921 354 1984 textibus
367 1919 463 2006 juris,
488 1919 660 1985 universali
679 1917 827 1992 Ecclesiae
853 1919 940 2006 praxi
960 1931 990 1983 et
1014 1919 1091 1984 ‹loc-

109 2019 369 2092 trinaoomrnuni
387 2040 511 2090 constat
528 2039 725 2091 sacramenta
741 2023 868 2088 nonnisi
886 2024 926 2088 ab
942 2023 1090 2110 babenti-

110 2132 174 2196 bus
184 2129 444 2218 jurisdictionem
463 2131 548 2212 licite
565 2131 780 2199 atlnrini'strari
795 2150 901 2216 posse.
914 2168 956 2178 —
968 2128 1092 2196 Sufficit

108 2237 275 2304 ordinarie
300 2238 425 2304 licentia
452 2238 683 2304 rationabiliter
701 2249 915 2325 praesumpta:
937 2258 974 2302 ex
993 2237 1111 2302 inter-s

108 2343 289 2433 pretatione
322 2347 485 2411 communi
514 2359 544 2412 ct
571 2358 635 2414 usu'
669 2359 810 2433 recepto.
841 2343 985 2410 Dicimus
1007 2346 1092 2412 ordi-

106 2450 399 2536 lacrimabilem
417 2472 481 2514 non
516 2451 633 2516 sufficit
654 2451 720 2516 sola
746 2451 955 2538 praesumptio
982 2439 1089 2537 quoad

107 2557 247 2644 primam
266 2556 528 2646 communionem
543 2577 741 2642 puerorum,
760 2556 867 2646 quoad
887 2557 1089 2621 communio-

107 2683 184 2728 nem
203 2655 399 2748 paschalem,
420 2684 490 2740 nec‚
515 2662 640 2726 secluso
658 2661 854 2726 necessitatis
871 2682 960 2738 casu,
980 2663 1086 2745 qttoad

107 2769 277 2835 uiaticum:
293 2786 378 2856 qtrae,
394 2789 430 2833 cx
444 2769 743 2858 eonsueturlineant
754 2765 841 2853 jure,
857 2765 986 2852 proprio
999 2787 1087 2852 paro·

108 2876 172 2940 clio
196 2883 412 2940 reservantur.
1066 2939 1068 2942 ,
1096 2885 1099 2888 “
1125 2857 1128 2860 ’

154 2983 243 3050 Hine
255 2985 285 3049 l.
301 2984 438 3068 graviter
450 2991 602 3070 peccaret
618 2982 685 3068 qui,
704 2981 773 3046 sinc
790 2982 921 3068 parochi
943 2981 1087 3060 licentia,

139 3183 179 3248 al)
206 3181 273 3234 Nihil
292 3183 428 3246 specialius
446 3183 487 3232 blc
502 3182 638 3232 dicendum
653 3187 708 3231 erat
723 3180 754 3230 tle
768 3177 923 3244 obligatione
938 3177 953 3227 a
968 3177 1025 3241 jure
1043 3191 1090 3228 ec-

108 3263 266 3316 clesiastico.
282 3263 318 3312 lle
332 3263 535 3328 obligationibus
550 3263 633 3326 liure
654 3261 749 3322 (liriuo,
767 3259 817 3310 rid.
837 3259 906 3308 dicta
920 3258 946 3306 in
966 3263 1039 3308 tract.
1056 3259 1087 3308 dc

109 3347 235 3395 Sacram.
252 3344 284 3393 iu
299 3353 400 3402 ptume.
