2562 3810
511 120 711 212 ..9574-

119 263 280 340 meritum,
304 241 378 325 erim
395 255 549 326 ttimiritm
566 238 695 350 publici
713 259 947 348 penitentes...
958 289 961 295 ·
974 266 1099 333 rerriam

117 363 351 452 exposcebant,
378 376 410 430 et
431 365 580 434 Ecclesiae
600 369 729 434 landun
759 370 975 451 reconciliari,
1005 381 1102 460 atquc

17 485 21 502 ’
117 459 302 539 iterumad
326 486 527 540 sacramenta
546 474 670 542 admitti
689 473 883 562 petebant...
903 477 990 544 Hane
1003 500 1101 568 porro

116 578 283 670 publicam
310 579 577 666 exomologesim,
602 581 772 648 deficiente
789 584 970 663 sacerdote,
999 598 1031 652 ct
1046 605 1101 668 ur·

114 681 219 772 gente
229 671 431 766 trecessitate,
443 687 592 776 excipere
607 694 731 774 poterat
744 688 913 769 diaeonus,
928 692 1020 778 isque
1042 713 1100 780 po·
1131 776 1133 780 Ι

16 829 22 878 t
116 803 265 858 testatem
292 791 434 860 babebat
458 792 626 882 publicum
656 793 865 883 paenitentem
881 797 1102 875 Ecclesiaste:

16 974 21 984 ¹
113 894 309 963 conciliandi
326 915 365 962 eo
383 907 488 984 pacto,
508 917 574 984 quo
591 897 787 968 etiamnunc
804 912 924 986 posset,
947 900 1100 966 facultate

114 1003 158 1069 ab
190 993 342 1090 episcopo
366 1007 510 1090 accepti,
534 1005 850 1086 excommunicatum
882 1005 1051 1082 absolvero
1069 1020 1103 1100 et

113 1107 265 1205 Ecclesiae
278 1110 502 1178 communioni
525 1111 707 1190 restituere,
729 1110 778 1179 De
795 1111 855 1178 bac
880 1111 1099 1198 exomologesi

16 1247 17 1310 t
112 1215 260 1303 loquitur
277 1215 465 1304 Cyprianus,
482 1217 514 1283 in
536 1218 591 1284 eit.
609 1239 661 1304 op.
685 1218 738 1298 ta,
758 1232 788 1286 et
802 1220 843 1286 dc
862 1226 899 1287 ea
913 1211 1098 1304 intelligun-

113 1318 284 1402 tureaeleri
295 1319 404 1388 Patres
413 1335 444 1390 et
453 1319 609 1402 Concilio,
623 1326 698 1390 crim
709 1322 810 1403 idem,
823 1324 910 1412 quod
922 1323 1100 1414 Cyprianus

112 1425 291 1492 affirmant.
309 1425 475 1514 Quodque
496 1425 549 1497 bic
568 1421 612 1494 sit'
629 1429 781 1516 proprius
805 1437 838 1496 ot
862 1429 1024 1516 genuinus
1044 1427 1101 1518 Cy·

112 1532 219 1624 priani
256 1532 463 1621 aliorumque
486 1533 617 1602 Petrum
641 1556 770 1616 sensus,
795 1543 905 1626 aperte
933 1535 1099 1618 insinuant

112 1637 310 1727 posteriores
337 1637 551 1706 Ecclesiarum
572 1641 831 1719 constitutiones,
847 1662 921 1728 quae
948 1641 1097 1708 eamdem

112 1736 306 1833 potestatem
333 1741 453 1810 iaciunt
478 1743 627 1826 diacono,
659 1745 839 1834 excipiendi
863 1745 1100 1840 seilicetpoeni-

16 1899 17 1906 ,
112 1853 253 1922 tentiam
281 1852 513 1932 consessiones,
542 1853 675 1928 absente
704 1854 881 1931 sacerdote,
917 1853 974 1921 sed
1001 1851 1098 1924 simul

17 2048 23 2064 Ι
51 2033 55 2038 .
111 1963 227 2050 aperte
239 1959 400 2044 rloncgant
416 1960 523 2028 eidem
542 1968 731 2047 potestatem
743 1959 897 2040 clarium,
915 1958 1095 2028 etauctori-

17 2109 18 2116 κ
113 2066 446 2138 tatcmabsolvendia
464 2067 602 2158 peccatis
620 2069 676 2152 (Ι).
697 2097 710 2128 ι
742 2139 744 2144 ,

146 2271 183 2340 (t)
197 2273 369 2335 cenentur,
381 2275 524 2338 osana.
535 2277 609 2326 oter.
621 2274 732 2338 narn,
746 2288 803 2340 cap.
820 2273 861 2336 ru,
873 2273 959 2324 noer
972 2285 1028 2336 seq.
1040 2253 1099 2324 rra.

17 2343 20 2386 ἵ
112 2356 211 2406 l’etarii
225 2359 347 2409 Diulrib.
361 2359 623 2422 remeatremeat.
637 2361 669 2411 itt
682 2356 780 2410 Ecclit.
796 2355 876 2422 cani
886 2365 913 2409 et
926 2357 951 2408 d.
960 2353 1099 2424 (latroiog.

107 2449 187 2500 graec.
204 2442 267 2488 tom.
279 2435 355 2494 lilii,
372 2439 424 2488 col.
446 2439 520 2499 tuat,
536 2449 563 2490 ct
578 2446 643 2490 tom.
660 2439 747 2501 llblll,
763 2439 813 2490 eol.
828 2436 909 2504 6⁶20);
928 2437 1010 2490 Natal.
1026 2439 1097 2488 illex.

111 2521 222 2574 disserta
236 2519 252 2568 l
266 2519 293 2570 in
313 2518 406 2569 lristor.
421 2531 482 2570 saee.
506 2519 556 2580 lll;
570 2519 706 2584 Touruely,
721 2526 812 2584 quaest.
829 2521 871 2579 tu:
889 2525 939 2570 art.
957 2520 988 2580 l;
1006 2519 1097 2573 Callet,

17 2588 21 2604 '
112 2597 165 2650 loe.
181 2597 316 2648 cib-lit
342 2599 468 2660 llorlrrus,
484 2599 510 2648 in
533 2601 668 2661 mecaenat.
684 2595 725 2652 sui
749 2615 791 2663 un.
807 2597 839 2650 de
854 2599 965 2660 Pacate,
982 2599 1099 2650 scribit:

116 2695 128 2726 r
149 2665 210 2739 erte
219 2677 252 2728 dc
266 2677 427 2730 absolutionc
441 2680 456 2729 a
470 2671 595 2737 diaconis,
610 2685 687 2742 atquc
702 2675 779 2728 eliam
798 2679 811 2728 a
826 2675 898 2728 iaicis
912 2677 971 2728 data
984 2676 1101 2742 plurimis

18 2779 19 2794 r
113 2775 126 2808 s
147 2758 303 2810 testimoniis
311 2758 434 2809 historice
449 2759 603 2817 releruotur,
611 2771 668 2822 ean.
676 2759 709 2808 Τό
719 2758 853 2808 οιΞΗίὺνί
862 2749 926 2818 vill,
937 2757 1103 2821 expressissi-

114 2855 127 2888 »
149 2837 305 2900 mamonae,
319 2837 392 2891 britio
407 2853 463 2904 cap.
475 2838 509 2890 ‘ia
518 2845 545 2892 ot
560 2838 586 2888 in
597 2837 648 2888 inc
661 2837 705 2900 25,
715 2837 873 2890 trbibistoria
885 2836 923 2888 rei
937 2836 1034 2896 buitur,
1048 2837 1101 2890 ista

18 2909 19 2926 ¹
115 2935 128 2966 a
149 2931 199 2968 raon
214 2930 273 2970 esse
287 2917 461 2982 intelligenda,
471 2932 519 2971 nce
533 2917 640 2982 intelligi
654 2916 938 2980 nessedeabsolutione
951 2929 1102 2986 sacramen-

18 2985 23 3032 i
114 3015 128 3046 a
149 2997 203 3059 tali,
222 2987 295 3062 cujus
318 2997 387 3049 eilati
412 2999 525 3049 rationes
547 2997 610 3048 loeis
623 2995 752 3048 adnotatis
766 2997 937 3061 explicandum
953 2993 1005 3045 imd
1019 2995 1104 3058 pluri«

115 3096 128 3125 a
150 3091 207 3130 naas
220 3091 252 3129 ea
267 3079 331 3143 ipsis
344 3078 506 3141 auctoribus,
517 3077 562 3142 qui
576 3077 641 3128 banc
653 3077 696 3128 sui
713 3078 801 3128 saeeuli
818 3074 1031 3128 consuetudinem
1045 3083 1104 3127 tes-

18 3209 23 3226 „
114 3177 128 3208 a
144 3164 246 3226 tarum,
260 3158 358 3212 diserte
373 3169 501 3216 asserere,
524 3157 619 3208 nullam
644 3171 748 3222 prorsus
761 3157 812 3209 illis
823 3170 882 3209 esse
899 3156 1040 3222 increatis
1054 3157 1103 3208 ab·

18 3237 20 3250 '
114 3253 128 3284 a
148 3236 266 3290 solvendi
283 3243 449 3304 potestatem.
468 3237 556 3302 ltaque
570 3252 621 3289 nou
640 3243 725 3302 potest
742 3235 883 3290 aliudesse
904 3237 1030 3288 absolutio
1059 3236 1102 3288 illa

116 3338 130 3364 »
150 3330 227 3382 quam
250 3319 414 3380 caeremonia,
429 3318 484 3369 sire
507 3315 692 3369 sacramentale
707 3317 844 3382 aliquod...
862 3317 887 3368 in
909 3317 1025 3368 absentia
1047 3316 1102 3368 reri

115 3413 127 3442 a
147 3398 340 3448 saoratnenti...
363 3411 415 3462 qno
438 3396 575 3448 morientis
584 3404 630 3448 aut
643 3396 795 3464 gravissime
809 3396 977 3460 penetrantis
995 3396 1103 3449 interior

18 3465 21 3482 '
116 3494 128 3522 »
149 3475 286 3540 dispositio
300 3477 463 3532 excitabatur
476 3483 503 3528 et
516 3477 700 3538 incalescebat,
719 3477 823 3542 atqucrl
839 3477 903 3540 beo,
918 3465 1036 3542 rrreeibus
1049 3477 1101 3530 lle-

115 3578 129 3604 »
151 3553 247 3621 etesiae,
262 3557 415 3608 sacramenti
428 3555 548 3610 eiicottun
562 3559 688 3622 penitens
699 3557 902 3623 proniorebatur.
920 3569 931 3605 a
