2572 3802
555 61 599 72 -
622 21 688 86 371
712 61 757 72 -

1097 113 1150 166 Peg.

169 183 313 238 Premissa
327 183 505 238 distinctione
520 198 638 252 operum
647 181 763 238 relative
777 179 812 236 ad
826 181 952 246 salutem,

169 271 204 324 n.
233 275 262 326 et
283 271 365 341 prob.
393 285 457 324 cum
483 270 649 326 remissione
671 272 848 342 peecatorum
870 267 1043 324 reviviscere

239 375 324 429 opera
338 358 502 414 mortificata
505 391 1040 410 .............
1097 357 1146 412 301

169 445 219 515 §2-
234 475 268 486 -
285 445 324 500 lle
343 444 430 514 gratia
439 443 628 500 sacramentali
631 477 1038 496 ..........
1096 443 1147 499 303

459 589 541 644 ll.-
555 589 650 645 PARS
669 587 848 646 MORALIS.

165 732 269 789 Auria
279 733 302 788 1.
321 733 363 788 De
376 731 484 800 legibus
498 731 663 801 specialibus
677 731 804 785 ministro
807 763 1038 780 ······
1075 728 1144 786 ibid.

166 821 314 878 Revocatis
338 820 481 890 principiis
504 820 678 888 generalibus
696 817 731 872 de
753 817 968 886 obligationibus
981 818 1038 872 mi-

227 908 313 962 nistri
330 909 578 974 sacramentorum,
593 921 676 962 -ex
690 905 723 959 iis
737 905 909 960 deducuntur
924 905 1037 974 obliga-

237 997 327 1052 tiones
342 995 514 1052 confessarii.

163 1087 175 1156 f
187 1085 290 1140 l.-De
301 1085 415 1153 obligat.
427 1083 587 1138 confessarii
595 1097 657 1153 quae
666 1077 1035 1152 proeeoduatconfessioneni
1065 1086 1070 1099 '
1089 1081 1142 1137 301

164 1176 205 1230 De
225 1173 372 1229 virtutibus
386 1177 414 1228 et
429 1173 552 1229 doctrina
564 1171 615 1241 ipsi
626 1171 783 1227 necessaria
806 1207 1036 1224 ......
1073 1171 1140 1228 ibid.

163 1262 261 1332 §2—
275 1261 316 1318 De
335 1261 422 1330 obtig.
443 1259 604 1314 confessarii
620 1259 944 1316 durantecontessione.
981 1297 987 1310 .
1027 1303 1034 1316 .
1072 1259 1138 1315 ibid.

160 1351 185 1406 1.
200 1351 242 1404 De
252 1349 351 1404 officiis
365 1348 473 1403 relativ.
489 1347 524 1402 ad
534 1347 739 1415 contribuam,

160 1438 290 1492 statuitur
303 1435 500 1490 confessarium
520 1435 609 1490 teneri

198 1525 225 1580 1⁰
240 1524 363 1580 excitare
384 1523 563 1592 poeuiteutem
577 1521 612 1576 ad
627 1521 764 1591 dolorem,
780 1523 803 1576 si
821 1523 959 1592 poenitens
973 1538 1031 1580 uon

231 1612 357 1670 videatur
371 1610 520 1680 dispositus
535 1645 1027 1663 ............
1085 1609 1136 1664 305

194 1702 224 1758 2⁰
231 1699 456 1756 emendationem
465 1699 619 1768 poenitentis
629 1699 916 1769 procurare-ipsum
927 1700 1029 1755 docen-

228 1789 275 1858 do,
287 1789 310 1844 si
324 1788 360 1844 sit
374 1789 403 1842 in
419 1788 622 1857 ignorantia-
631 1788 772 1844 monendo
786 1786 949 1858 prudenter,
958 1788 982 1842 si
992 1788 1029 1842 sit

225 1879 255 1933 in
272 1893 366 1932 errore
407 1911 1027 1930 ···············
1065 1875 1134 1930 ibid.

155 1963 194 2018 Il.
205 1965 247 2019 De
261 1964 359 2020 officiis
373 1964 484 2020 relatir.
498 1964 534 2020 ad
548 1963 762 2031 confessionem,

154 2053 283 2108 statuitur
320 2053 520 2108 confessarium
549 2053 637 2108 teneri
664 2067 814 2122 procurare
841 2051 1027 2121 iutegritatem

226 2141 417 2209 confessionis,

190 2230 218 2283 1ο
239 2246 289 2299 per
303 2230 477 2285 iterationem
497 2231 704 2286 confessionum
719 2228 921 2298 praeteritarum
928 2225 1026 2300 (agitur

224 2313 259 2368 de
273 2314 497 2370 confessionibus
506 2315 650 2388 iterandis)
667 2349 1023 2368 ·········
1080 2313 1134 2370 306

189 2401 218 2456 2⁰
232 2417 283 2469 per
297 2401 529 2468 interrogationes
543 2405 686 2472 poenitenti
700 2405 786 2458 factas
795 2437 1023 2455 ······
1079 2402 1134 2458 308

154 2489 206 2546 ΙΙΙ.
223 2488 264 2544 De
278 2487 376 2540 officiis
386 2488 491 2542 relativ.
503 2489 538 2542 ad
553 2491 780 2560 satisfactionem,

153 2578 281 2634 statuitur
295 2574 493 2630 confessarium
508 2576 594 2630 teneri
605 2606 639 2616 -
653 2578 799 2648 imponere
808 2573 1023 2638 satisfactionem

222 2681 319 2735 -pro
334 2660 465 2733 qualitate
486 2661 632 2718 criminum
648 2667 676 2719 et
691 2667 881 2735 poenitentium
895 2667 1024 2724 facultate

222 2754 445 2818 convenientem,
460 2780 495 2790 -
508 2750 715 2822 medicinalem,
733 2783 768 2794 -
793 2754 937 2828 imponere
957 2759 1022 2812 aute

222 2843 447 2898 absolutionem.
485 2877 491 2892 ·
528 2878 535 2892 .
569 2899 571 2902 ,
572 2877 1018 2895 ...........
1074 2843 1127 2900 309

151 2931 200 2986 lV.
215 2933 256 2987 ne
270 2928 369 2986 officiis
383 2931 492 2987 relativ.
503 2931 538 2986 ad
549 2931 763 2999 absolutionem,

151 3017 179 3071 1⁰
192 3019 332 3089 Principio
351 3019 479 3074 statuitur
493 3019 695 3075 absolutionem
705 3019 734 3072 in
748 3035 852 3088 genere
865 3020 1019 3078 conceden-

220 3105 285 3158 dam
299 3120 363 3160 esse
381 3106 465 3160 modo
479 3106 606 3160 absoluto
620 3107 748 3172 omnibus
762 3109 790 3161 et
803 3109 871 3162 solis
882 3109 1018 3179 poeniten·

219 3190 304 3256 tibus,
319 3207 389 3259 quos
402 3192 583 3248 confessarius
597 3194 749 3262 prudenter
760 3194 868 3264 judicat
887 3213 948 3254 esse
962 3197 1018 3254 dis-

218 3274 324 3339 positos
348 3313 1014 3338 ................
1070 3287 1124 3344 311

148 3348 191 3403 Ex
199 3355 248 3408 illo
261 3361 398 3430 principio
412 3364 559 3421 deducitur
571 3369 672 3424 solutio
682 3373 779 3438 quaest.
790 3387 849 3444 seq.
