2556 3812
598 13 800 76 -idb-

201 177 266 222 ncn
280 163 382 242 potest
398 152 601 239 abepiscopo
616 151 750 217 concedi
767 154 977 237 perteratiter,
997 155 1092 238 qnasi
1106 158 1193 240 pri-

200 261 352 346 citepittm
365 259 504 342 aticnjtts
514 259 706 335 sace-totis,
725 259 783 322 sed
795 261 921 324 tantitm
931 260 965 324 in
982 261 1092 344 atiquo
1104 281 1196 327 casn

197 364 408 451 particulari,
427 361 625 428 necessitatis
641 363 741 426 casse
759 361 966 446 abepiscopo
991 365 1191 430 eecrrrinan·

200 473 256 536 dc.
275 467 308 535 3.
337 469 477 553 Quorrdb
503 489 565 533 non
596 467 701 533 existit
727 467 900 533 necessitas
921 469 996 554 jure
1015 471 1189 554 requisita,

200 577 290 642 nulls
307 576 543 642 consuetudine
560 575 721 641 controrid
741 575 866 640 iteratio
880 575 988 640 missso
1000 575 1086 641 licita
1110 577 1187 642 fieri

200 690 305 771 potest
322 684 378 766 (t).

243 791 288 856 tt.
305 791 399 855 Circa
416 792 532 854 toturn.

242 899 269 962 l.
282 897 373 962 biisso
386 895 540 962 celebrari
555 905 658 980 potest
671 893 701 956 in
716 893 870 969 ecelesiis,
885 893 951 958 sive
972 896 1184 974 consecretis,

197 1002 263 1067 sive
279 1000 465 1089 simpliciter
482 995 673 1074 benedictis,
691 996 751 1061 nisi
774 997 836 1061 sint
854 997 999 1082 poltutec,
1025 1012 1186 1066 execrstae

197 1107 450 1184 outinterdictae‚
462 1102 627 1170 neccuttoi
646 1102 753 1167 divino
775 1103 919 1170 redditae.
937 1141 980 1152 -
995 1103 1128 1170 Constet
1146 1127 1184 1172 er

199 1213 394 1279 Cone.Trid.
411 1231 490 1277 sess.
500 1209 557 1288 tr,
569 1209 691 1276 decret.
704 1209 745 1274 de
758 1209 886 1276 observ.
898 1221 931 1275 et
941 1209 997 1274 rit.
1013 1210 1044 1274 in
1057 1211 1181 1277 celebr.

197 1319 272 1384 mis.

241 1421 386 1487 Dicimus
402 1421 478 1486 totn
496 1421 636 1488 ecelesiis
659 1425 726 1489 sice
751 1424 962 1501 consecratis,
989 1425 1057 1488 sice
1088 1423 1181 1490 bene·

196 1529 308 1593 dietis:
325 1529 424 1594 Porro
437 1528 715 1596 nomineeectesioe
728 1529 915 1612 designatur
929 1529 1016 1594 mdes
1034 1529 1177 1616 publico,

196 1635 384 1701 auctoritate
412 1636 626 1702 ecclesiastice
654 1636 848 1724 competenti
876 1648 994 1713 erecto,
1023 1649 1054 1700 et
1080 1638 1178 1703 modo

196 1757 405 1832 permanente
426 1743 576 1831 deputata
597 1744 637 1809 sd
655 1743 841 1810 exercitium
868 1741 972 1806 cuttbs
997 1741 1178 1828 publici.-

196 1848 360 1914 AEdiircota
390 1847 533 1913 ecclesio*
549 1847 645 1912 debet
672 1847 711 1911 sd
740 1846 863 1911 cottum
890 1846 1034 1910 divinum
1061 1845 1177 1912 idonce

196 1959 288 2023 reddi
307 1978 364 2044 per
377 1957 518 2043 ediquem
535 1955 632 2020 ritum
649 1975 789 2033 sacrorn,
814 1975 870 2020 seu
890 1975 947 2040 per
962 1955 1177 2020 consecratio·

197 2079 270 2124 nem
289 2071 343 2126 cut
368 2061 639 2127 benedictionem.
672 2061 877 2125 Consecrctio
892 2059 1010 2124 dieitur
1033 2059 1113 2126 ritus
1126 2082 1178 2126 so-

196 2164 336 2230 lemnior
359 2167 390 2230 in
410 2188 475 2252 quo
499 2187 626 2232 sacrum
658 2167 765 2232 oleum
787 2166 982 2244 odltibetur;
1004 2166 1178 2233 benedictio

197 2277 304 2330 sotem
330 2267 409 2332 ritus
433 2269 540 2332 minim
560 2269 712 2334 solemnis
737 2271 792 2356 qui
811 2271 881 2336 sinc
898 2271 969 2336 oleo
994 2293 1085 2336 sacro
1104 2293 1177 2359 pet·-

197 2371 314 2454 ogitur.
333 2409 379 2420 --
395 2371 601 2438 Conseerotio
619 2377 776 2454 ecetesise,
796 2375 889 2462 eujus
912 2376 991 2442 ritus
1018 2391 1049 2442 et
1077 2399 1176 2443 coere-

194 2473 315 2541 moniae
338 2476 368 2540 in
392 2476 569 2542 contionati
590 2478 734 2542 Romano
754 2479 995 2558 describuntur,
1004 2478 1079 2565 jure
1091 2481 1177 2544 ordi-

195 2582 287 2648 nario
301 2582 369 2649 fieri
383 2605 447 2650 non
460 2569 564 2672 potest
579 2583 638 2649 nisi
657 2581 696 2650 sb
715 2587 878 2673 episeopo,
898 2587 963 2652 sive
976 2586 1174 2666 dimossario,

196 2692 261 2758 sive
278 2693 329 2757 cui
360 2685 562 2758 dioecessbus
586 2692 647 2757 boe
669 2714 786 2758 monus
810 2693 1026 2757 commiserit:
1054 2697 1070 2758 b
1097 2694 1176 2758 sim-

118 2857 120 2860 .
194 2797 269 2884 plici
293 2799 460 2864 secerdote
486 2800 596 2886 perfici
613 2799 737 2885 nequit,
762 2799 822 2864 nisi
845 2820 882 2864 ex
901 2796 1026 2864 indulto
1044 2799 1077 2864 S.
1097 2799 1178 2864 Pon·

193 2903 299 2968 titicis.
319 2905 459 2992 Simplex
479 2913 586 2973 autem
602 2905 797 2982 benedictio,
817 2909 913 2992 probt
931 2905 962 2968 in
981 2905 1098 2970 ttiruati
1116 2907 1178 2974 Ro·

193 3029 289 3090 rnono
313 3012 483 3097 reperitur,
505 3017 522 3078 b
547 3013 693 3098 quotibet
716 3013 886 3078 secerdote
903 3011 972 3076 deri
998 3024 1115 3099 potest,
1137 3034 1176 3078 ex

193 3261 259 3384 θυι*
273 3263 329 3312 Vid.
345 3265 498 3317 benedtttv
508 3275 582 3319 tmct.
599 3271 629 3320 dc
645 3271 746 3332 Sacris.
764 3271 890 3321 misico.
905 3272 949 3321 cit.
964 3286 990 3320 n.
1001 3272 1026 3332 d,
1042 3276 1070 3321 et
1083 3279 1172 3322 const.

217 3351 242 3384 ec
254 3345 350 3390 orasti.
